@ARTICLE{1997PhRvD..55.5895T,
       author = {{Tegmark}, Max},
        title = "{How to measure CMB power spectra without losing information}",
      journal = {\prd},
     keywords = {98.70.Vc, 98.80.Bp, 98.80.Es, Background radiations, Origin and formation of the Universe, Observational cosmology, Astrophysics},
         year = "1997",
        month = "May",
       volume = {55},
       number = {10},
        pages = {5895-5907},
          doi = {10.1103/PhysRevD.55.5895},
archivePrefix = {arXiv},
       eprint = {astro-ph/9611174},
 primaryClass = {astro-ph},
       adsurl = {https://ui.adsabs.harvard.edu/abs/1997PhRvD..55.5895T},
      adsnote = {Provided by the SAO/NASA Astrophysics Data System}
}

@ARTICLE{1998PhRvD..57.2117B,
       author = {{Bond}, J.~R. and {Jaffe}, A.~H. and {Knox}, L.},
        title = "{Estimating the power spectrum of the cosmic microwave background}",
      journal = {\prd},
     keywords = {98.70.Vc, Background radiations, Astrophysics},
         year = "1998",
        month = "Feb",
       volume = {57},
       number = {4},
        pages = {2117-2137},
          doi = {10.1103/PhysRevD.57.2117},
archivePrefix = {arXiv},
       eprint = {astro-ph/9708203},
 primaryClass = {astro-ph},
       adsurl = {https://ui.adsabs.harvard.edu/abs/1998PhRvD..57.2117B},
      adsnote = {Provided by the SAO/NASA Astrophysics Data System}
}

@ARTICLE{2005MNRAS.360.1262B,
       author = {{Brown}, M.~L. and {Castro}, P.~G. and {Taylor}, A.~N.},
        title = "{Cosmic microwave background temperature and polarization pseudo-C$_{l}$ estimators and covariances}",
      journal = {\mnras},
     keywords = {methods: data analysis, methods: statistical, cosmic microwave background, large-scale structure of Universe, Astrophysics},
         year = "2005",
        month = "Jul",
       volume = {360},
       number = {4},
        pages = {1262-1280},
          doi = {10.1111/j.1365-2966.2005.09111.x},
archivePrefix = {arXiv},
       eprint = {astro-ph/0410394},
 primaryClass = {astro-ph},
       adsurl = {https://ui.adsabs.harvard.edu/abs/2005MNRAS.360.1262B},
      adsnote = {Provided by the SAO/NASA Astrophysics Data System}
}

@ARTICLE{2002ApJ...567....2H,
       author = {{Hivon}, Eric and {G{\'o}rski}, Krzysztof M. and
         {Netterfield}, C. Barth and {Crill}, Brendan P. and {Prunet}, Simon and
         {Hansen}, Frode},
        title = "{MASTER of the Cosmic Microwave Background Anisotropy Power Spectrum: A Fast Method for Statistical Analysis of Large and Complex Cosmic Microwave Background Data Sets}",
      journal = {\apj},
     keywords = {Cosmology: Cosmic Microwave Background, Methods: Statistical, Astrophysics},
         year = "2002",
        month = "Mar",
       volume = {567},
       number = {1},
        pages = {2-17},
          doi = {10.1086/338126},
archivePrefix = {arXiv},
       eprint = {astro-ph/0105302},
 primaryClass = {astro-ph},
       adsurl = {https://ui.adsabs.harvard.edu/abs/2002ApJ...567....2H},
      adsnote = {Provided by the SAO/NASA Astrophysics Data System}
}

@ARTICLE{2001PhRvD..64f3001T,
   author = {{Tegmark}, M. and {de Oliveira-Costa}, A.},
    title = "{How to measure CMB polarization power spectra without losing information}",
  journal = {\prd},
   eprint = {astro-ph/0012120},
 keywords = {Distances redshifts radial velocities, spatial distribution of galaxies, Superclusters, large-scale structure of the Universe, Background radiations, Observational cosmology},
     year = 2001,
    month = sep,
   volume = 64,
   number = 6,
      eid = {063001},
    pages = {063001},
      doi = {10.1103/PhysRevD.64.063001},
   adsurl = {https://ui.adsabs.harvard.edu/abs/2001PhRvD..64f3001T},
  adsnote = {Provided by the SAO/NASA Astrophysics Data System}
}

@ARTICLE{2003PhRvD..67b3001W,
   author = {{Wandelt}, B.~D. and {Hansen}, F.~K.},
    title = "{Fast, exact CMB power spectrum estimation for a certain class of observational strategies}",
  journal = {\prd},
   eprint = {astro-ph/0106515},
 keywords = {Background radiations},
     year = 2003,
    month = jan,
   volume = 67,
   number = 2,
      eid = {023001},
    pages = {023001},
      doi = {10.1103/PhysRevD.67.023001},
   adsurl = {https://ui.adsabs.harvard.edu/abs/2003PhRvD..67b3001W},
  adsnote = {Provided by the SAO/NASA Astrophysics Data System}
}

@ARTICLE{1995PhRvL..74.4369B,
   author = {{Bond}, J.~R.},
    title = "{Signal-to-Noise Eigenmode Analysis of the Two-Year COBE Maps}",
  journal = {Physical Review Letters},
   eprint = {astro-ph/9407044},
     year = 1995,
    month = may,
   volume = 74,
    pages = {4369-4372},
      doi = {10.1103/PhysRevLett.74.4369},
   adsurl = {https://ui.adsabs.harvard.edu/abs/1995PhRvL..74.4369B},
  adsnote = {Provided by the SAO/NASA Astrophysics Data System}
}

@ARTICLE{2019PASJ...71...43H,
       author = {{Hikage}, Chiaki and {Oguri}, Masamune and {Hamana}, Takashi and
         {More}, Surhud and {Mandelbaum}, Rachel and {Takada}, Masahiro and
         {K{\"o}hlinger}, Fabian and {Miyatake}, Hironao and
         {Nishizawa}, Atsushi J. and {Aihara}, Hiroaki},
        title = "{Cosmology from cosmic shear power spectra with Subaru Hyper Suprime-Cam first-year data}",
      journal = {\pasj},
     keywords = {dark matter, gravitational lensing: weak, large-scale structure of universe, Astrophysics - Cosmology and Nongalactic Astrophysics},
         year = "2019",
        month = "Apr",
       volume = {71},
       number = {2},
          eid = {43},
        pages = {43},
          doi = {10.1093/pasj/psz010},
archivePrefix = {arXiv},
       eprint = {1809.09148},
 primaryClass = {astro-ph.CO},
       adsurl = {https://ui.adsabs.harvard.edu/abs/2019PASJ...71...43H},
      adsnote = {Provided by the SAO/NASA Astrophysics Data System}
}

@ARTICLE{2009arXiv0912.0201L,
       author = {{LSST Science Collaboration} and {Abell}, Paul A. and {Allison}, Julius
        and {Anderson}, Scott F. and {Andrew}, John R. and {Angel}, J.
        Roger P. and {Armus}, Lee and {Arnett}, David and {Asztalos},
        S.~J. and {Axelrod}, Tim S. and {Bailey}, Stephen and
        {Ballantyne}, D.~R. and {Bankert}, Justin R. and {Barkhouse},
        Wayne A. and {Barr}, Jeffrey D. and {Barrientos}, L. Felipe and
        {Barth}, Aaron J. and {Bartlett}, James G. and {Becker}, Andrew
        C. and {Becla}, Jacek and {Beers}, Timothy C. and {Bernstein},
        Joseph P. and {Biswas}, Rahul and {Blanton}, Michael R. and
        {Bloom}, Joshua S. and {Bochanski}, John J. and {Boeshaar}, Pat
        and {Borne}, Kirk D. and {Bradac}, Marusa and {Brandt}, W.~N.
        and {Bridge}, Carrie R. and {Brown}, Michael E. and {Brunner},
        Robert J. and {Bullock}, James S. and {Burgasser}, Adam J. and
        {Burge}, James H. and {Burke}, David L. and {Cargile}, Phillip
        A. and {Chandrasekharan}, Srinivasan and {Chartas}, George and
        {Chesley}, Steven R. and {Chu}, You-Hua and {Cinabro}, David and
        {Claire}, Mark W. and {Claver}, Charles F. and {Clowe}, Douglas
        and {Connolly}, A.~J. and {Cook}, Kem H. and {Cooke}, Jeff and
        {Cooray}, Asantha and {Covey}, Kevin R. and {Culliton},
        Christopher S. and {de Jong}, Roelof and {de Vries}, Willem H.
        and {Debattista}, Victor P. and {Delgado}, Francisco and
        {Dell'Antonio}, Ian P. and {Dhital}, Saurav and {Di Stefano},
        Rosanne and {Dickinson}, Mark and {Dilday}, Benjamin and
        {Djorgovski}, S.~G. and {Dobler}, Gregory and {Donalek}, Ciro
        and {Dubois-Felsmann}, Gregory and {Durech}, Josef and
        {Eliasdottir}, Ardis and {Eracleous}, Michael and {Eyer},
        Laurent and {Falco}, Emilio E. and {Fan}, Xiaohui and
        {Fassnacht}, Christopher D. and {Ferguson}, Harry C. and
        {Fernandez}, Yanga R. and {Fields}, Brian D. and {Finkbeiner},
        Douglas and {Figueroa}, Eduardo E. and {Fox}, Derek B. and
        {Francke}, Harold and {Frank}, James S. and {Frieman}, Josh and
        {Fromenteau}, Sebastien and {Furqan}, Muhammad and {Galaz},
        Gaspar and {Gal-Yam}, A. and {Garnavich}, Peter and {Gawiser},
        Eric and {Geary}, John and {Gee}, Perry and {Gibson}, Robert R.
        and {Gilmore}, Kirk and {Grace}, Emily A. and {Green}, Richard
        F. and {Gressler}, William J. and {Grillmair}, Carl J. and
        {Habib}, Salman and {Haggerty}, J.~S. and {Hamuy}, Mario and
        {Harris}, Alan W. and {Hawley}, Suzanne L. and {Heavens}, Alan
        F. and {Hebb}, Leslie and {Henry}, Todd J. and {Hileman}, Edward
        and {Hilton}, Eric J. and {Hoadley}, Keri and {Holberg}, J.~B.
        and {Holman}, Matt J. and {Howell}, Steve B. and {Infante},
        Leopoldo and {Ivezic}, Zeljko and {Jacoby}, Suzanne H. and
        {Jain}, Bhuvnesh and {R} and {Jedicke} and {Jee}, M. James and
        {Garrett Jernigan}, J. and {Jha}, Saurabh W. and {Johnston},
        Kathryn V. and {Jones}, R. Lynne and {Juric}, Mario and
        {Kaasalainen}, Mikko and {Styliani} and {Kafka} and {Kahn},
        Steven M. and {Kaib}, Nathan A. and {Kalirai}, Jason and
        {Kantor}, Jeff and {Kasliwal}, Mansi M. and {Keeton}, Charles R.
        and {Kessler}, Richard and {Knezevic}, Zoran and {Kowalski},
        Adam and {Krabbendam}, Victor L. and {Krughoff}, K. Simon and
        {Kulkarni}, Shrinivas and {Kuhlman}, Stephen and {Lacy}, Mark
        and {Lepine}, Sebastien and {Liang}, Ming and {Lien}, Amy and
        {Lira}, Paulina and {Long}, Knox S. and {Lorenz}, Suzanne and
        {Lotz}, Jennifer M. and {Lupton}, R.~H. and {Lutz}, Julie and
        {Macri}, Lucas M. and {Mahabal}, Ashish A. and {Mandelbaum},
        Rachel and {Marshall}, Phil and {May}, Morgan and {McGehee},
        Peregrine M. and {Meadows}, Brian T. and {Meert}, Alan and
        {Milani}, Andrea and {Miller}, Christopher J. and {Miller},
        Michelle and {Mills}, David and {Minniti}, Dante and {Monet},
        David and {Mukadam}, Anjum S. and {Nakar}, Ehud and {Neill},
        Douglas R. and {Newman}, Jeffrey A. and {Nikolaev}, Sergei and
        {Nordby}, Martin and {O'Connor}, Paul and {Oguri}, Masamune and
        {Oliver}, John and {Olivier}, Scot S. and {Olsen}, Julia K. and
        {Olsen}, Knut and {Olszewski}, Edward W. and {Oluseyi}, Hakeem
        and {Padilla}, Nelson D. and {Parker}, Alex and {Pepper}, Joshua
        and {Peterson}, John R. and {Petry}, Catherine and {Pinto},
        Philip A. and {Pizagno}, James L. and {Popescu}, Bogdan and
        {Prsa}, Andrej and {Radcka}, Veljko and {Raddick}, M. Jordan and
        {Rasmussen}, Andrew and {Rau}, Arne and {Rho}, Jeonghee and
        {Rhoads}, James E. and {Richards}, Gordon T. and {Ridgway},
        Stephen T. and {Robertson}, Brant E. and {Roskar}, Rok and
        {Saha}, Abhijit and {Sarajedini}, Ata and {Scannapieco}, Evan
        and {Schalk}, Terry and {Schindler}, Rafe and {Schmidt}, Samuel
        and {Schmidt}, Sarah and {Schneider}, Donald P. and
        {Schumacher}, German and {Scranton}, Ryan and {Sebag}, Jacques
        and {Seppala}, Lynn G. and {Shemmer}, Ohad and {Simon}, Joshua
        D. and {Sivertz}, M. and {Smith}, Howard A. and {Allyn Smith},
        J. and {Smith}, Nathan and {Spitz}, Anna H. and {Stanford}, Adam
        and {Stassun}, Keivan G. and {Strader}, Jay and {Strauss},
        Michael A. and {Stubbs}, Christopher W. and {Sweeney}, Donald W.
        and {Szalay}, Alex and {Szkody}, Paula and {Takada}, Masahiro
        and {Thorman}, Paul and {Trilling}, David E. and {Trimble},
        Virginia and {Tyson}, Anthony and {Van Berg}, Richard and
        {Vanden Berk}, Daniel and {VanderPlas}, Jake and {Verde}, Licia
        and {Vrsnak}, Bojan and {Walkowicz}, Lucianne M. and {Wandelt},
        Benjamin D. and {Wang}, Sheng and {Wang}, Yun and {Warner},
        Michael and {Wechsler}, Risa H. and {West}, Andrew A. and
        {Wiecha}, Oliver and {Williams}, Benjamin F. and {Willman}, Beth
        and {Wittman}, David and {Wolff}, Sidney C. and {Wood-Vasey}, W.
        Michael and {Wozniak}, Przemek and {Young}, Patrick and
        {Zentner}, Andrew and {Zhan}, Hu},
        title = "{LSST Science Book, Version 2.0}",
      journal = {arXiv e-prints},
     keywords = {Astrophysics - Instrumentation and Methods for Astrophysics, Astrophysics - Cosmology and Extragalactic Astrophysics, Astrophysics - Earth and Planetary Astrophysics, Astrophysics - Galaxy Astrophysics, Astrophysics - Solar and Stellar Astrophysics},
         year = 2009,
        month = Dec,
          eid = {arXiv:0912.0201},
        pages = {arXiv:0912.0201},
archivePrefix = {arXiv},
       eprint = {0912.0201},
 primaryClass = {astro-ph.IM},
       adsurl = {https://ui.adsabs.harvard.edu/\#abs/2009arXiv0912.0201L},
      adsnote = {Provided by the SAO/NASA Astrophysics Data System}
}

@ARTICLE{2011arXiv1110.3193L,
       author = {{Laureijs}, R. and {Amiaux}, J. and {Arduini}, S. and {Augu{\`e}res}, J.
        -L. and {Brinchmann}, J. and {Cole}, R. and {Cropper}, M. and
        {Dabin}, C. and {Duvet}, L. and {Ealet}, A. and {Garilli}, B.
        and {Gondoin}, P. and {Guzzo}, L. and {Hoar}, J. and {Hoekstra},
        H. and {Holmes}, R. and {Kitching}, T. and {Maciaszek}, T. and
        {Mellier}, Y. and {Pasian}, F. and {Percival}, W. and {Rhodes},
        J. and {Saavedra Criado}, G. and {Sauvage}, M. and {Scaramella},
        R. and {Valenziano}, L. and {Warren}, S. and {Bender}, R. and
        {Castander}, F. and {Cimatti}, A. and {Le F{\`e}vre}, O. and
        {Kurki-Suonio}, H. and {Levi}, M. and {Lilje}, P. and {Meylan},
        G. and {Nichol}, R. and {Pedersen}, K. and {Popa}, V. and
        {Rebolo Lopez}, R. and {Rix}, H. -W. and {Rottgering}, H. and
        {Zeilinger}, W. and {Grupp}, F. and {Hudelot}, P. and {Massey},
        R. and {Meneghetti}, M. and {Miller}, L. and {Paltani}, S. and
        {Paulin-Henriksson}, S. and {Pires}, S. and {Saxton}, C. and
        {Schrabback}, T. and {Seidel}, G. and {Walsh}, J. and {Aghanim},
        N. and {Amendola}, L. and {Bartlett}, J. and {Baccigalupi}, C.
        and {Beaulieu}, J. -P. and {Benabed}, K. and {Cuby}, J. -G. and
        {Elbaz}, D. and {Fosalba}, P. and {Gavazzi}, G. and {Helmi}, A.
        and {Hook}, I. and {Irwin}, M. and {Kneib}, J. -P. and {Kunz},
        M. and {Mannucci}, F. and {Moscardini}, L. and {Tao}, C. and
        {Teyssier}, R. and {Weller}, J. and {Zamorani}, G. and {Zapatero
        Osorio}, M.~R. and {Boulade}, O. and {Foumond}, J.~J. and {Di
        Giorgio}, A. and {Guttridge}, P. and {James}, A. and {Kemp}, M.
        and {Martignac}, J. and {Spencer}, A. and {Walton}, D. and
        {Bl{\"u}mchen}, T. and {Bonoli}, C. and {Bortoletto}, F. and
        {Cerna}, C. and {Corcione}, L. and {Fabron}, C. and {Jahnke}, K.
        and {Ligori}, S. and {Madrid}, F. and {Martin}, L. and
        {Morgante}, G. and {Pamplona}, T. and {Prieto}, E. and {Riva},
        M. and {Toledo}, R. and {Trifoglio}, M. and {Zerbi}, F. and
        {Abdalla}, F. and {Douspis}, M. and {Grenet}, C. and {Borgani},
        S. and {Bouwens}, R. and {Courbin}, F. and {Delouis}, J. -M. and
        {Dubath}, P. and {Fontana}, A. and {Frailis}, M. and {Grazian},
        A. and {Koppenh{\"o}fer}, J. and {Mansutti}, O. and {Melchior},
        M. and {Mignoli}, M. and {Mohr}, J. and {Neissner}, C. and
        {Noddle}, K. and {Poncet}, M. and {Scodeggio}, M. and {Serrano},
        S. and {Shane}, N. and {Starck}, J. -L. and {Surace}, C. and
        {Taylor}, A. and {Verdoes-Kleijn}, G. and {Vuerli}, C. and
        {Williams}, O.~R. and {Zacchei}, A. and {Altieri}, B. and
        {Escudero Sanz}, I. and {Kohley}, R. and {Oosterbroek}, T. and
        {Astier}, P. and {Bacon}, D. and {Bardelli}, S. and {Baugh}, C.
        and {Bellagamba}, F. and {Benoist}, C. and {Bianchi}, D. and
        {Biviano}, A. and {Branchini}, E. and {Carbone}, C. and
        {Cardone}, V. and {Clements}, D. and {Colombi}, S. and
        {Conselice}, C. and {Cresci}, G. and {Deacon}, N. and {Dunlop},
        J. and {Fedeli}, C. and {Fontanot}, F. and {Franzetti}, P. and
        {Giocoli}, C. and {Garcia-Bellido}, J. and {Gow}, J. and
        {Heavens}, A. and {Hewett}, P. and {Heymans}, C. and {Holland},
        A. and {Huang}, Z. and {Ilbert}, O. and {Joachimi}, B. and
        {Jennins}, E. and {Kerins}, E. and {Kiessling}, A. and {Kirk},
        D. and {Kotak}, R. and {Krause}, O. and {Lahav}, O. and {van
        Leeuwen}, F. and {Lesgourgues}, J. and {Lombardi}, M. and
        {Magliocchetti}, M. and {Maguire}, K. and {Majerotto}, E. and
        {Maoli}, R. and {Marulli}, F. and {Maurogordato}, S. and
        {McCracken}, H. and {McLure}, R. and {Melchiorri}, A. and
        {Merson}, A. and {Moresco}, M. and {Nonino}, M. and {Norberg},
        P. and {Peacock}, J. and {Pello}, R. and {Penny}, M. and
        {Pettorino}, V. and {Di Porto}, C. and {Pozzetti}, L. and
        {Quercellini}, C. and {Radovich}, M. and {Rassat}, A. and
        {Roche}, N. and {Ronayette}, S. and {Rossetti}, E. and
        {Sartoris}, B. and {Schneider}, P. and {Semboloni}, E. and
        {Serjeant}, S. and {Simpson}, F. and {Skordis}, C. and {Smadja},
        G. and {Smartt}, S. and {Spano}, P. and {Spiro}, S. and
        {Sullivan}, M. and {Tilquin}, A. and {Trotta}, R. and {Verde},
        L. and {Wang}, Y. and {Williger}, G. and {Zhao}, G. and
        {Zoubian}, J. and {Zucca}, E.},
        title = "{Euclid Definition Study Report}",
      journal = {arXiv e-prints},
     keywords = {Astrophysics - Cosmology and Extragalactic Astrophysics, Astrophysics - Galaxy Astrophysics},
         year = 2011,
        month = Oct,
          eid = {arXiv:1110.3193},
        pages = {arXiv:1110.3193},
archivePrefix = {arXiv},
       eprint = {1110.3193},
 primaryClass = {astro-ph.CO},
       adsurl = {https://ui.adsabs.harvard.edu/\#abs/2011arXiv1110.3193L},
      adsnote = {Provided by the SAO/NASA Astrophysics Data System}
}

@ARTICLE{2013arXiv1305.5422S,
       author = {{Spergel}, D. and {Gehrels}, N. and {Breckinridge}, J. and {Donahue}, M.
        and {Dressler}, A. and {Gaudi}, B.~S. and {Greene}, T. and
        {Guyon}, O. and {Hirata}, C. and {Kalirai}, J. and {Kasdin},
        N.~J. and {Moos}, W. and {Perlmutter}, S. and {Postman}, M. and
        {Rauscher}, B. and {Rhodes}, J. and {Wang}, Y. and {Weinberg},
        D. and {Centrella}, J. and {Traub}, W. and {Baltay}, C. and
        {Colbert}, J. and {Bennett}, D. and {Kiessling}, A. and
        {Macintosh}, B. and {Merten}, J. and {Mortonson}, M. and
        {Penny}, M. and {Rozo}, E. and {Savransky}, D. and
        {Stapelfeldt}, K. and {Zu}, Y. and {Baker}, C. and {Cheng}, E.
        and {Content}, D. and {Dooley}, J. and {Foote}, M. and
        {Goullioud}, R. and {Grady}, K. and {Jackson}, C. and {Kruk}, J.
        and {Levine}, M. and {Melton}, M. and {Peddie}, C. and {Ruffa},
        J. and {Shaklan}, S.},
        title = "{Wide-Field InfraRed Survey Telescope-Astrophysics Focused Telescope Assets WFIRST-AFTA Final Report}",
      journal = {arXiv e-prints},
     keywords = {Astrophysics - Instrumentation and Methods for Astrophysics},
         year = 2013,
        month = May,
          eid = {arXiv:1305.5422},
        pages = {arXiv:1305.5422},
archivePrefix = {arXiv},
       eprint = {1305.5422},
 primaryClass = {astro-ph.IM},
       adsurl = {https://ui.adsabs.harvard.edu/\#abs/2013arXiv1305.5422S},
      adsnote = {Provided by the SAO/NASA Astrophysics Data System}
}

@ARTICLE{2015APh....63...81N,
   author = {{Newman}, J.~A. and {Abate}, A. and {Abdalla}, F.~B. and {Allam}, S. and 
	{Allen}, S.~W. and {Ansari}, R. and {Bailey}, S. and {Barkhouse}, W.~A. and 
	{Beers}, T.~C. and {Blanton}, M.~R. and {Brodwin}, M. and {Brownstein}, J.~R. and 
	{Brunner}, R.~J. and {Carrasco Kind}, M. and {Cervantes-Cota}, J.~L. and 
	{Cheu}, E. and {Chisari}, N.~E. and {Colless}, M. and {Comparat}, J. and 
	{Coupon}, J. and {Cunha}, C.~E. and {de la Macorra}, A. and 
	{Dell'Antonio}, I.~P. and {Frye}, B.~L. and {Gawiser}, E.~J. and 
	{Gehrels}, N. and {Grady}, K. and {Hagen}, A. and {Hall}, P.~B. and 
	{Hearin}, A.~P. and {Hildebrandt}, H. and {Hirata}, C.~M. and 
	{Ho}, S. and {Honscheid}, K. and {Huterer}, D. and {Ivezi{\'c}}, {\v Z}. and 
	{Kneib}, J.-P. and {Kruk}, J.~W. and {Lahav}, O. and {Mandelbaum}, R. and 
	{Marshall}, J.~L. and {Matthews}, D.~J. and {M{\'e}nard}, B. and 
	{Miquel}, R. and {Moniez}, M. and {Moos}, H.~W. and {Moustakas}, J. and 
	{Myers}, A.~D. and {Papovich}, C. and {Peacock}, J.~A. and {Park}, C. and 
	{Rahman}, M. and {Rhodes}, J. and {Ricol}, J.-S. and {Sadeh}, I. and 
	{Slozar}, A. and {Schmidt}, S.~J. and {Stern}, D.~K. and {Anthony Tyson}, J. and 
	{von der Linden}, A. and {Wechsler}, R.~H. and {Wood-Vasey}, W.~M. and 
	{Zentner}, A.~R.},
    title = "{Spectroscopic needs for imaging dark energy experiments}",
  journal = {Astroparticle Physics},
archivePrefix = "arXiv",
   eprint = {1309.5384},
 keywords = {Cosmology, Dark energy, Surveys},
     year = 2015,
    month = mar,
   volume = 63,
    pages = {81-100},
      doi = {10.1016/j.astropartphys.2014.06.007},
   adsurl = {http://adsabs.harvard.edu/abs/2015APh....63...81N},
  adsnote = {Provided by the SAO/NASA Astrophysics Data System}
}

@ARTICLE{2017MNRAS.465.1454H,
       author = {{Hildebrandt}, H. and {Viola}, M. and {Heymans}, C. and {Joudaki}, S.
        and {Kuijken}, K. and {Blake}, C. and {Erben}, T. and
        {Joachimi}, B. and {Klaes}, D. and {Miller}, L. and {Morrison},
        C.~B. and {Nakajima}, R. and {Verdoes Kleijn}, G. and {Amon}, A.
        and {Choi}, A. and {Covone}, G. and {de Jong}, J.~T.~A. and
        {Dvornik}, A. and {Fenech Conti}, I. and {Grado}, A. and
        {Harnois-D{\'e}raps}, J. and {Herbonnet}, R. and {Hoekstra}, H.
        and {K{\"o}hlinger}, F. and {McFarland}, J. and {Mead}, A. and
        {Merten}, J. and {Napolitano}, N. and {Peacock}, J.~A. and
        {Radovich}, M. and {Schneider}, P. and {Simon}, P. and
        {Valentijn}, E.~A. and {van den Busch}, J.~L. and {van Uitert},
        E. and {Van Waerbeke}, L.},
        title = "{KiDS-450: cosmological parameter constraints from tomographic weak gravitational lensing}",
      journal = {\mnras},
     keywords = {gravitational lensing: weak, surveys, galaxies: photometry, cosmology: observations, Astrophysics - Cosmology and Nongalactic Astrophysics},
         year = 2017,
        month = Feb,
       volume = {465},
        pages = {1454-1498},
          doi = {10.1093/mnras/stw2805},
archivePrefix = {arXiv},
       eprint = {1606.05338},
 primaryClass = {astro-ph.CO},
       adsurl = {https://ui.adsabs.harvard.edu/\#abs/2017MNRAS.465.1454H},
      adsnote = {Provided by the SAO/NASA Astrophysics Data System}
}

@ARTICLE{2007MNRAS.381.1018A,
       author = {{Amara}, Adam and {R{\'e}fr{\'e}gier}, Alexandre},
        title = "{Optimal surveys for weak-lensing tomography}",
      journal = {\mnras},
     keywords = {gravitational lensing, cosmological parameters, cosmology: theory, Astrophysics},
         year = 2007,
        month = Nov,
       volume = {381},
        pages = {1018-1026},
          doi = {10.1111/j.1365-2966.2007.12271.x},
archivePrefix = {arXiv},
       eprint = {astro-ph/0610127},
 primaryClass = {astro-ph},
       adsurl = {https://ui.adsabs.harvard.edu/\#abs/2007MNRAS.381.1018A},
      adsnote = {Provided by the SAO/NASA Astrophysics Data System}
}

@ARTICLE{1999ApJ...522L..21H,
       author = {{Hu}, Wayne},
        title = "{Power Spectrum Tomography with Weak Lensing}",
      journal = {\apj},
     keywords = {COSMOLOGY: THEORY, COSMOLOGY: GRAVITATIONAL LENSING, COSMOLOGY: LARGE-SCALE STRUCTURE OF UNIVERSE, Cosmology: Theory, Cosmology: Gravitational Lensing, Cosmology: Large-Scale Structure of Universe, Astrophysics},
         year = 1999,
        month = Sep,
       volume = {522},
        pages = {L21-L24},
          doi = {10.1086/312210},
archivePrefix = {arXiv},
       eprint = {astro-ph/9904153},
 primaryClass = {astro-ph},
       adsurl = {https://ui.adsabs.harvard.edu/\#abs/1999ApJ...522L..21H},
      adsnote = {Provided by the SAO/NASA Astrophysics Data System}
}

@ARTICLE{2005MNRAS.363.1329B,
   author = {{Blake}, C. and {Bridle}, S.},
    title = "{Cosmology with photometric redshift surveys}",
  journal = {\mnras},
   eprint = {astro-ph/0411713},
 keywords = {surveys, cosmological parameters, large-scale structure of Universe},
     year = 2005,
    month = nov,
   volume = 363,
    pages = {1329-1348},
      doi = {10.1111/j.1365-2966.2005.09526.x},
   adsurl = {http://adsabs.harvard.edu/abs/2005MNRAS.363.1329B},
  adsnote = {Provided by the SAO/NASA Astrophysics Data System}
}

@ARTICLE{2003PhRvL..90i1301L,
       author = {{Linder}, Eric V.},
        title = "{Exploring the Expansion History of the Universe}",
      journal = {\prl},
     keywords = {98.80.-k, 04.50.+h, Cosmology, Gravity in more than four dimensions Kaluza-Klein theory unified field theories, alternative theories of gravity, Astrophysics},
         year = 2003,
        month = Mar,
       volume = {90},
          eid = {091301},
        pages = {091301},
          doi = {10.1103/PhysRevLett.90.091301},
archivePrefix = {arXiv},
       eprint = {astro-ph/0208512},
 primaryClass = {astro-ph},
       adsurl = {https://ui.adsabs.harvard.edu/\#abs/2003PhRvL..90i1301L},
      adsnote = {Provided by the SAO/NASA Astrophysics Data System}
}

@ARTICLE{2008PhRvD..77l3514D,
       author = {{Dalal}, Neal and {Dor{\'e}}, Olivier and {Huterer}, Dragan and
        {Shirokov}, Alexander},
        title = "{Imprints of primordial non-Gaussianities on large-scale structure: Scale-dependent bias and abundance of virialized objects}",
      journal = {\prd},
     keywords = {98.65.Dx, 95.35.+d, 98.80.Cq, Superclusters, large-scale structure of the Universe, Dark matter, Particle-theory and field-theory models of the early Universe, Astrophysics},
         year = 2008,
        month = Jun,
       volume = {77},
          eid = {123514},
        pages = {123514},
          doi = {10.1103/PhysRevD.77.123514},
archivePrefix = {arXiv},
       eprint = {0710.4560},
 primaryClass = {astro-ph},
       adsurl = {https://ui.adsabs.harvard.edu/\#abs/2008PhRvD..77l3514D},
      adsnote = {Provided by the SAO/NASA Astrophysics Data System}
}

@ARTICLE{1998PhRvL..80.5255H,
       author = {{Hu}, Wayne and {Eisenstein}, Daniel J. and {Tegmark}, Max},
        title = "{Weighing Neutrinos with Galaxy Surveys}",
      journal = {\prl},
     keywords = {Astrophysics, High Energy Physics - Phenomenology, Nuclear Experiment},
         year = 1998,
        month = Jun,
       volume = {80},
        pages = {5255-5258},
          doi = {10.1103/PhysRevLett.80.5255},
archivePrefix = {arXiv},
       eprint = {astro-ph/9712057},
 primaryClass = {astro-ph},
       adsurl = {https://ui.adsabs.harvard.edu/\#abs/1998PhRvL..80.5255H},
      adsnote = {Provided by the SAO/NASA Astrophysics Data System}
}

@ARTICLE{2018MNRAS.473.2355S,
   author = {{Sellentin}, E. and {Heavens}, A.~F.},
    title = "{On the insufficiency of arbitrarily precise covariance matrices: non-Gaussian weak-lensing likelihoods}",
  journal = {\mnras},
archivePrefix = "arXiv",
   eprint = {1707.04488},
 keywords = {methods: data analysis, methods: statistical, cosmology: observations},
     year = 2018,
    month = jan,
   volume = 473,
    pages = {2355-2363},
      doi = {10.1093/mnras/stx2491},
   adsurl = {http://adsabs.harvard.edu/abs/2018MNRAS.473.2355S},
  adsnote = {Provided by the SAO/NASA Astrophysics Data System}
}

@ARTICLE{2008PhRvD..77j3013H,
   author = {{Hamimeche}, S. and {Lewis}, A.},
    title = "{Likelihood analysis of CMB temperature and polarization power spectra}",
  journal = {\prd},
archivePrefix = "arXiv",
   eprint = {0801.0554},
 keywords = {Background radiations},
     year = 2008,
    month = may,
   volume = 77,
   number = 10,
      eid = {103013},
    pages = {103013},
      doi = {10.1103/PhysRevD.77.103013},
   adsurl = {http://adsabs.harvard.edu/abs/2008PhRvD..77j3013H},
  adsnote = {Provided by the SAO/NASA Astrophysics Data System}
}

@ARTICLE{2017MNRAS.472.2126K,
   author = {{Kilbinger}, M. and {Heymans}, C. and {Asgari}, M. and {Joudaki}, S. and 
	{Schneider}, P. and {Simon}, P. and {Van Waerbeke}, L. and {Harnois-D{\'e}raps}, J. and 
	{Hildebrandt}, H. and {K{\"o}hlinger}, F. and {Kuijken}, K. and 
	{Viola}, M.},
    title = "{Precision calculations of the cosmic shear power spectrum projection}",
  journal = {\mnras},
archivePrefix = "arXiv",
   eprint = {1702.05301},
 keywords = {methods: statistical - cosmological parameters},
     year = 2017,
    month = dec,
   volume = 472,
    pages = {2126-2141},
      doi = {10.1093/mnras/stx2082},
   adsurl = {http://adsabs.harvard.edu/abs/2017MNRAS.472.2126K},
  adsnote = {Provided by the SAO/NASA Astrophysics Data System}
}

@ARTICLE{2016MNRAS.456L.132S,
   author = {{Sellentin}, E. and {Heavens}, A.~F.},
    title = "{Parameter inference with estimated covariance matrices}",
  journal = {\mnras},
archivePrefix = "arXiv",
   eprint = {1511.05969},
 keywords = {methods: data analysis, methods: statistical, cosmology: observations},
     year = 2016,
    month = feb,
   volume = 456,
    pages = {L132-L136},
      doi = {10.1093/mnrasl/slv190},
   adsurl = {http://adsabs.harvard.edu/abs/2016MNRAS.456L.132S},
  adsnote = {Provided by the SAO/NASA Astrophysics Data System}
}

@ARTICLE{2018MNRAS.479.4998T,
       author = {{Troxel}, M.~A. and {Krause}, E. and {Chang}, C. and {Eifler}, T.~F. and
         {Friedrich}, O. and {Gruen}, D. and {MacCrann}, N. and {Chen}, A. and
         {Davis}, C. and {DeRose}, J.},
        title = "{Survey geometry and the internal consistency of recent cosmic shear measurements}",
      journal = {\mnras},
     keywords = {gravitational lensing: weak, methods: data analysis, methods: statistical, Astrophysics - Cosmology and Nongalactic Astrophysics},
         year = "2018",
        month = "Oct",
       volume = {479},
       number = {4},
        pages = {4998-5004},
          doi = {10.1093/mnras/sty1889},
archivePrefix = {arXiv},
       eprint = {1804.10663},
 primaryClass = {astro-ph.CO},
       adsurl = {https://ui.adsabs.harvard.edu/abs/2018MNRAS.479.4998T},
      adsnote = {Provided by the SAO/NASA Astrophysics Data System}
}

@ARTICLE{2018JCAP...10..053B,
       author = {{Barreira}, Alexandre and {Krause}, Elisabeth and {Schmidt}, Fabian},
        title = "{Accurate cosmic shear errors: do we need ensembles of simulations?}",
      journal = {Journal of Cosmology and Astro-Particle Physics},
     keywords = {Astrophysics - Cosmology and Nongalactic Astrophysics},
         year = 2018,
        month = Oct,
       volume = {2018},
          eid = {053},
        pages = {053},
          doi = {10.1088/1475-7516/2018/10/053},
archivePrefix = {arXiv},
       eprint = {1807.04266},
 primaryClass = {astro-ph.CO},
       adsurl = {https://ui.adsabs.harvard.edu/\#abs/2018JCAP...10..053B},
      adsnote = {Provided by the SAO/NASA Astrophysics Data System}
}

@ARTICLE{2007A&A...464..399H,
       author = {{Hartlap}, J. and {Simon}, P. and {Schneider}, P.},
        title = "{Why your model parameter confidences might be too optimistic. Unbiased estimation of the inverse covariance matrix}",
      journal = {\aap},
     keywords = {methods: analytical, methods: data analysis, gravitational lensing, Astrophysics, High Energy Physics - Experiment, High Energy Physics - Phenomenology, Mathematical Physics, Mathematics - Mathematical Physics},
         year = 2007,
        month = Mar,
       volume = {464},
        pages = {399-404},
          doi = {10.1051/0004-6361:20066170},
archivePrefix = {arXiv},
       eprint = {astro-ph/0608064},
 primaryClass = {astro-ph},
       adsurl = {https://ui.adsabs.harvard.edu/\#abs/2007A&A...464..399H},
      adsnote = {Provided by the SAO/NASA Astrophysics Data System}
}

@ARTICLE{2017arXiv170609359K,
       author = {{Krause}, E. and {Eifler}, T.~F. and {Zuntz}, J. and {Friedrich}, O. and
         {Troxel}, M.~A. and {Dodelson}, S. and {Blazek}, J. and {Secco}, L.~F. and
         {MacCrann}, N. and {Baxter}, E.},
        title = "{Dark Energy Survey Year 1 Results: Multi-Probe Methodology and Simulated Likelihood Analyses}",
      journal = {arXiv e-prints},
     keywords = {Astrophysics - Cosmology and Nongalactic Astrophysics},
         year = "2017",
        month = "Jun",
          eid = {arXiv:1706.09359},
        pages = {arXiv:1706.09359},
archivePrefix = {arXiv},
       eprint = {1706.09359},
 primaryClass = {astro-ph.CO},
       adsurl = {https://ui.adsabs.harvard.edu/abs/2017arXiv170609359K},
      adsnote = {Provided by the SAO/NASA Astrophysics Data System}
}

@ARTICLE{2013MNRAS.432.1928T,
       author = {{Taylor}, Andy and {Joachimi}, Benjamin and {Kitching}, Thomas},
        title = "{Putting the precision in precision cosmology: How accurate should your data covariance matrix be?}",
      journal = {\mnras},
     keywords = {methods: statistical, cosmological parameters, cosmology: theory, large-scale structure of Universe, Astrophysics - Cosmology and Nongalactic Astrophysics},
         year = "2013",
        month = "Jul",
       volume = {432},
       number = {3},
        pages = {1928-1946},
          doi = {10.1093/mnras/stt270},
archivePrefix = {arXiv},
       eprint = {1212.4359},
 primaryClass = {astro-ph.CO},
       adsurl = {https://ui.adsabs.harvard.edu/abs/2013MNRAS.432.1928T},
      adsnote = {Provided by the SAO/NASA Astrophysics Data System}
}

@ARTICLE{2013PhRvD..88f3537D,
       author = {{Dodelson}, Scott and {Schneider}, Michael D.},
        title = "{The effect of covariance estimator error on cosmological parameter constraints}",
      journal = {\prd},
     keywords = {98.80.-k, 95.36.+x, 98.65.Dx, Cosmology, Dark energy, Superclusters, large-scale structure of the Universe, Astrophysics - Cosmology and Extragalactic Astrophysics},
         year = "2013",
        month = "Sep",
       volume = {88},
       number = {6},
          eid = {063537},
        pages = {063537},
          doi = {10.1103/PhysRevD.88.063537},
archivePrefix = {arXiv},
       eprint = {1304.2593},
 primaryClass = {astro-ph.CO},
       adsurl = {https://ui.adsabs.harvard.edu/abs/2013PhRvD..88f3537D},
      adsnote = {Provided by the SAO/NASA Astrophysics Data System}
}

@ARTICLE{2019JCAP...01..016L,
       author = {{Li}, Yin and {Singh}, Sukhdeep and {Yu}, Byeonghee and {Feng}, Yu and
         {Seljak}, Uro{\v{s}}},
        title = "{Disconnected covariance of 2-point functions in large-scale structure}",
      journal = {Journal of Cosmology and Astro-Particle Physics},
     keywords = {Astrophysics - Cosmology and Nongalactic Astrophysics},
         year = "2019",
        month = "Jan",
       volume = {2019},
       number = {1},
          eid = {016},
        pages = {016},
          doi = {10.1088/1475-7516/2019/01/016},
archivePrefix = {arXiv},
       eprint = {1811.05714},
 primaryClass = {astro-ph.CO},
       adsurl = {https://ui.adsabs.harvard.edu/abs/2019JCAP...01..016L},
      adsnote = {Provided by the SAO/NASA Astrophysics Data System}
}

@ARTICLE{2017arXiv170801530D,
       author = {{DES Collaboration} and {Abbott}, T.~M.~C. and {Abdalla}, F.~B. and
        {Alarcon}, A. and {Aleksi{\'c}}, J. and {Allam}, S. and {Allen},
        S. and {Amara}, A. and {Annis}, J. and {Asorey}, J. and {Avila},
        S. and {Bacon}, D. and {Balbinot}, E. and {Banerji}, M. and
        {Banik}, N. and {Barkhouse}, W. and {Baumer}, M. and {Baxter},
        E. and {Bechtol}, K. and {Becker}, M.~R. and {Benoit-L{\'e}vy},
        A. and {Benson}, B.~A. and {Bernstein}, G.~M. and {Bertin}, E.
        and {Blazek}, J. and {Bridle}, S.~L. and {Brooks}, D. and
        {Brout}, D. and {Buckley-Geer}, E. and {Burke}, D.~L. and
        {Busha}, M.~T. and {Capozzi}, D. and {Carnero Rosell}, A. and
        {Carrasco Kind}, M. and {Carretero}, J. and {Castander}, F.~J.
        and {Cawthon}, R. and {Chang}, C. and {Chen}, N. and
        {Childress}, M. and {Choi}, A. and {Conselice}, C. and
        {Crittenden}, R. and {Crocce}, M. and {Cunha}, C.~E. and
        {D'Andrea}, C.~B. and {da Costa}, L.~N. and {Das}, R. and
        {Davis}, T.~M. and {Davis}, C. and {De Vicente}, J. and {DePoy},
        D.~L. and {DeRose}, J. and {Desai}, S. and {Diehl}, H.~T. and
        {Dietrich}, J.~P. and {Dodelson}, S. and {Doel}, P. and {Drlica-
        Wagner}, A. and {Eifler}, T.~F. and {Elliott}, A.~E. and
        {Elsner}, F. and {Elvin-Poole}, J. and {Estrada}, J. and
        {Evrard}, A.~E. and {Fang}, Y. and {Fernandez}, E. and
        {Fert{\'e}}, A. and {Finley}, D.~A. and {Flaugher}, B. and
        {Fosalba}, P. and {Friedrich}, O. and {Frieman}, J. and
        {Garc{\'\i}a-Bellido}, J. and {Garcia-Fernandez}, M. and
        {Gatti}, M. and {Gaztanaga}, E. and {Gerdes}, D.~W. and
        {Giannantonio}, T. and {Gill}, M.~S.~S. and {Glazebrook}, K. and
        {Goldstein}, D.~A. and {Gruen}, D. and {Gruendl}, R.~A. and
        {Gschwend}, J. and {Gutierrez}, G. and {Hamilton}, S. and
        {Hartley}, W.~G. and {Hinton}, S.~R. and {Honscheid}, K. and
        {Hoyle}, B. and {Huterer}, D. and {Jain}, B. and {James}, D.~J.
        and {Jarvis}, M. and {Jeltema}, T. and {Johnson}, M.~D. and
        {Johnson}, M.~W.~G. and {Kacprzak}, T. and {Kent}, S. and {Kim},
        A.~G. and {King}, A. and {Kirk}, D. and {Kokron}, N. and
        {Kovacs}, A. and {Krause}, E. and {Krawiec}, C. and {Kremin}, A.
        and {Kuehn}, K. and {Kuhlmann}, S. and {Kuropatkin}, N. and
        {Lacasa}, F. and {Lahav}, O. and {Li}, T.~S. and {Liddle}, A.~R.
        and {Lidman}, C. and {Lima}, M. and {Lin}, H. and {MacCrann}, N.
        and {Maia}, M.~A.~G. and {Makler}, M. and {Manera}, M. and
        {March}, M. and {Marshall}, J.~L. and {Martini}, P. and
        {McMahon}, R.~G. and {Melchior}, P. and {Menanteau}, F. and
        {Miquel}, R. and {Miranda}, V. and {Mudd}, D. and {Muir}, J. and
        {M{\"o}ller}, A. and {Neilsen}, E. and {Nichol}, R.~C. and
        {Nord}, B. and {Nugent}, P. and {Ogando}, R.~L.~C. and
        {Palmese}, A. and {Peacock}, J. and {Peiris}, H.~V. and
        {Peoples}, J. and {Percival}, W.~J. and {Petravick}, D. and
        {Plazas}, A.~A. and {Porredon}, A. and {Prat}, J. and {Pujol},
        A. and {Rau}, M.~M. and {Refregier}, A. and {Ricker}, P.~M. and
        {Roe}, N. and {Rollins}, R.~P. and {Romer}, A.~K. and {Roodman},
        A. and {Rosenfeld}, R. and {Ross}, A.~J. and {Rozo}, E. and
        {Rykoff}, E.~S. and {Sako}, M. and {Salvador}, A.~I. and
        {Samuroff}, S. and {S{\'a}nchez}, C. and {Sanchez}, E. and
        {Santiago}, B. and {Scarpine}, V. and {Schindler}, R. and
        {Scolnic}, D. and {Secco}, L.~F. and {Serrano}, S. and {Sevilla-
        Noarbe}, I. and {Sheldon}, E. and {Smith}, R.~C. and {Smith}, M.
        and {Smith}, J. and {Soares-Santos}, M. and {Sobreira}, F. and
        {Suchyta}, E. and {Tarle}, G. and {Thomas}, D. and {Troxel},
        M.~A. and {Tucker}, D.~L. and {Tucker}, B.~E. and {Uddin}, S.~A.
        and {Varga}, T.~N. and {Vielzeuf}, P. and {Vikram}, V. and
        {Vivas}, A.~K. and {Walker}, A.~R. and {Wang}, M. and
        {Wechsler}, R.~H. and {Weller}, J. and {Wester}, W. and {Wolf},
        R.~C. and {Yanny}, B. and {Yuan}, F. and {Zenteno}, A. and
        {Zhang}, B. and {Zhang}, Y. and {Zuntz}, J.},
        title = "{Dark Energy Survey Year 1 Results: Cosmological Constraints from Galaxy Clustering and Weak Lensing}",
      journal = {arXiv e-prints},
     keywords = {Astrophysics - Cosmology and Nongalactic Astrophysics},
         year = 2017,
        month = Aug,
          eid = {arXiv:1708.01530},
        pages = {arXiv:1708.01530},
archivePrefix = {arXiv},
       eprint = {1708.01530},
 primaryClass = {astro-ph.CO},
       adsurl = {https://ui.adsabs.harvard.edu/\#abs/2017arXiv170801530D},
      adsnote = {Provided by the SAO/NASA Astrophysics Data System}
}

@ARTICLE{2013MNRAS.431.1547B,
   author = {{Benjamin}, J. and {Van Waerbeke}, L. and {Heymans}, C. and 
	{Kilbinger}, M. and {Erben}, T. and {Hildebrandt}, H. and {Hoekstra}, H. and 
	{Kitching}, T.~D. and {Mellier}, Y. and {Miller}, L. and {Rowe}, B. and 
	{Schrabback}, T. and {Simpson}, F. and {Coupon}, J. and {Fu}, L. and 
	{Harnois-D{\'e}raps}, J. and {Hudson}, M.~J. and {Kuijken}, K. and 
	{Semboloni}, E. and {Vafaei}, S. and {Velander}, M.},
    title = "{CFHTLenS tomographic weak lensing: quantifying accurate redshift distributions}",
  journal = {\mnras},
archivePrefix = "arXiv",
   eprint = {1212.3327},
 keywords = {techniques: photometric, galaxies: distances and redshifts, galaxies: photometry, cosmological parameters -- cosmology: observations, large-scale structure of Universe},
     year = 2013,
    month = may,
   volume = 431,
    pages = {1547-1564},
      doi = {10.1093/mnras/stt276},
   adsurl = {http://adsabs.harvard.edu/abs/2013MNRAS.431.1547B},
  adsnote = {Provided by the SAO/NASA Astrophysics Data System}
}

@ARTICLE{2012MNRAS.421.2355H,
   author = {{Hildebrandt}, H. and {Erben}, T. and {Kuijken}, K. and {van Waerbeke}, L. and 
	{Heymans}, C. and {Coupon}, J. and {Benjamin}, J. and {Bonnett}, C. and 
	{Fu}, L. and {Hoekstra}, H. and {Kitching}, T.~D. and {Mellier}, Y. and 
	{Miller}, L. and {Velander}, M. and {Hudson}, M.~J. and {Rowe}, B.~T.~P. and 
	{Schrabback}, T. and {Semboloni}, E. and {Ben{\'{\i}}tez}, N.
	},
    title = "{CFHTLenS: improving the quality of photometric redshifts with precision photometry}",
  journal = {\mnras},
archivePrefix = "arXiv",
   eprint = {1111.4434},
 keywords = {galaxies: abundances, galaxies: high-redshift, galaxies: photometry},
     year = 2012,
    month = apr,
   volume = 421,
    pages = {2355-2367},
      doi = {10.1111/j.1365-2966.2012.20468.x},
   adsurl = {http://adsabs.harvard.edu/abs/2012MNRAS.421.2355H},
  adsnote = {Provided by the SAO/NASA Astrophysics Data System}
}

@ARTICLE{2018arXiv181206076H,
   author = {{Hildebrandt}, H. and {K{\"o}hlinger}, F. and {van den Busch}, J.~L. and 
	{Joachimi}, B. and {Heymans}, C. and {Kannawadi}, A. and {Wright}, A.~H. and 
	{Asgari}, M. and {Blake}, C. and {Hoekstra}, H. and {Joudaki}, S. and 
	{Kuijken}, K. and {Miller}, L. and {Morrison}, C.~B. and {Tr{\"o}ster}, T. and 
	{Amon}, A. and {Archidiacono}, M. and {Brieden}, S. and {Choi}, A. and 
	{de Jong}, J.~T.~A. and {Erben}, T. and {Giblin}, B. and {Mead}, A. and 
	{Peacock}, J.~A. and {Radovich}, M. and {Schneider}, P. and 
	{Sif{\'o}n}, C. and {Tewes}, M.},
    title = "{KiDS+VIKING-450: Cosmic shear tomography with optical+infrared data}",
  journal = {arXiv e-prints},
archivePrefix = "arXiv",
   eprint = {1812.06076},
 keywords = {Astrophysics - Cosmology and Nongalactic Astrophysics},
     year = 2018,
    month = dec,
   adsurl = {http://adsabs.harvard.edu/abs/2018arXiv181206076H},
  adsnote = {Provided by the SAO/NASA Astrophysics Data System}
}

@ARTICLE{2018MNRAS.474.4894J,
       author = {{Joudaki}, Shahab and {Blake}, Chris and {Johnson}, Andrew and {Amon},
        Alexandra and {Asgari}, Marika and {Choi}, Ami and {Erben},
        Thomas and {Glazebrook}, Karl and {Harnois-D{\'e}raps}, Joachim
        and {Heymans}, Catherine and {Hildebrandt}, Hendrik and
        {Hoekstra}, Henk and {Klaes}, Dominik and {Kuijken}, Konrad and
        {Lidman}, Chris and {Mead}, Alexander and {Miller}, Lance and
        {Parkinson}, David and {Poole}, Gregory B. and {Schneider},
        Peter and {Viola}, Massimo and {Wolf}, Christian},
        title = "{KiDS-450 + 2dFLenS: Cosmological parameter constraints from weak gravitational lensing tomography and overlapping redshift-space galaxy clustering}",
      journal = {\mnras},
     keywords = {surveys, large-scale structure of Universe, cosmology: observations, Astrophysics - Cosmology and Nongalactic Astrophysics},
         year = 2018,
        month = Mar,
       volume = {474},
        pages = {4894-4924},
          doi = {10.1093/mnras/stx2820},
archivePrefix = {arXiv},
       eprint = {1707.06627},
 primaryClass = {astro-ph.CO},
       adsurl = {https://ui.adsabs.harvard.edu/\#abs/2018MNRAS.474.4894J},
      adsnote = {Provided by the SAO/NASA Astrophysics Data System}
}

@ARTICLE{2000ApJ...536..571B,
   author = {{Ben{\'{\i}}tez}, N.},
    title = "{Bayesian Photometric Redshift Estimation}",
  journal = {\apj},
   eprint = {astro-ph/9811189},
 keywords = {Galaxies: Distances and Redshifts, Galaxies: Photometry, Methods: Statistical},
     year = 2000,
    month = jun,
   volume = 536,
    pages = {571-583},
      doi = {10.1086/308947},
   adsurl = {http://adsabs.harvard.edu/abs/2000ApJ...536..571B},
  adsnote = {Provided by the SAO/NASA Astrophysics Data System}
}

@ARTICLE{1997ApJ...480...22T,
   author = {{Tegmark}, M. and {Taylor}, A.~N. and {Heavens}, A.~F.},
    title = "{Karhunen-Lo{\`e}ve Eigenvalue Problems in Cosmology: How Should We Tackle Large Data Sets?}",
  journal = {\apj},
   eprint = {astro-ph/9603021},
 keywords = {Cosmology: Cosmic Microwave Background, Cosmology: Theory, Cosmology: Large-Scale Structure of Universe, Methods: Data Analysis, Methods: Statistical},
     year = 1997,
    month = may,
   volume = 480,
    pages = {22-35},
      doi = {10.1086/303939},
   adsurl = {http://adsabs.harvard.edu/abs/1997ApJ...480...22T},
  adsnote = {Provided by the SAO/NASA Astrophysics Data System}
}

@ARTICLE{2016MNRAS.456.1508K,
       author = {{K{\"o}hlinger}, F. and {Viola}, M. and {Valkenburg}, W. and {Joachimi},
        B. and {Hoekstra}, H. and {Kuijken}, K.},
        title = "{A direct measurement of tomographic lensing power spectra from CFHTLenS}",
      journal = {\mnras},
     keywords = {gravitational lensing: weak, cosmological parameters, cosmology:
        observations, large-scale structure of Universe, Astrophysics -
        Cosmology and Nongalactic Astrophysics},
         year = 2016,
        month = Feb,
       volume = {456},
        pages = {1508-1527},
          doi = {10.1093/mnras/stv2762},
archivePrefix = {arXiv},
       eprint = {1509.04071},
 primaryClass = {astro-ph.CO},
       adsurl = {https://ui.adsabs.harvard.edu/\#abs/2016MNRAS.456.1508K},
      adsnote = {Provided by the SAO/NASA Astrophysics Data System}
}

@ARTICLE{2000MNRAS.317L..23H,
       author = {{Hamilton}, A.~J.~S. and {Tegmark}, Max and {Padmanabhan}, Nikhil},
        title = "{Linear redshift distortions and power in the IRAS Point Source Catalog Redshift Survey}",
      journal = {\mnras},
     keywords = {COSMOLOGY: THEORY, LARGE-SCALE STRUCTURE OF UNIVERSE, Astrophysics},
         year = "2000",
        month = "Sep",
       volume = {317},
       number = {1},
        pages = {L23-L27},
          doi = {10.1046/j.1365-8711.2000.03888.x},
archivePrefix = {arXiv},
       eprint = {astro-ph/0004334},
 primaryClass = {astro-ph},
       adsurl = {https://ui.adsabs.harvard.edu/abs/2000MNRAS.317L..23H},
      adsnote = {Provided by the SAO/NASA Astrophysics Data System}
}

@ARTICLE{2001MNRAS.325.1603E,
       author = {{Efstathiou}, G. and {Moody}, S.~J.},
        title = "{Maximum likelihood estimates of the two- and three-dimensional power spectra of the APM Galaxy Survey}",
      journal = {\mnras},
     keywords = {METHODS: ANALYTICAL, SURVEYS, GALAXIES: GENERAL, Astrophysics},
         year = "2001",
        month = "Aug",
       volume = {325},
       number = {4},
        pages = {1603-1615},
          doi = {10.1046/j.1365-8711.2001.04575.x},
archivePrefix = {arXiv},
       eprint = {astro-ph/0010478},
 primaryClass = {astro-ph},
       adsurl = {https://ui.adsabs.harvard.edu/abs/2001MNRAS.325.1603E},
      adsnote = {Provided by the SAO/NASA Astrophysics Data System}
}

@ARTICLE{1995PhRvD..52.4307K,
       author = {{Knox}, Lloyd},
        title = "{Determination of inflationary observables by cosmic microwave background anisotropy experiments}",
      journal = {\prd},
     keywords = {98.80.Cq, 98.70.Vc, 98.80.Es, Particle-theory and field-theory models of the early Universe, Background radiations, Observational cosmology, Astrophysics},
         year = "1995",
        month = "Oct",
       volume = {52},
       number = {8},
        pages = {4307-4318},
          doi = {10.1103/PhysRevD.52.4307},
archivePrefix = {arXiv},
       eprint = {astro-ph/9504054},
 primaryClass = {astro-ph},
       adsurl = {https://ui.adsabs.harvard.edu/abs/1995PhRvD..52.4307K},
      adsnote = {Provided by the SAO/NASA Astrophysics Data System}
}

@ARTICLE{2017A&A...602A..41C,
       author = {{Couchot}, F. and {Henrot-Versill{\'e}}, S. and {Perdereau}, O. and
         {Plaszczynski}, S. and {Rouill{\'e} d'Orfeuil}, B. and {Spinelli}, M. and
         {Tristram}, M.},
        title = "{Cosmology with the cosmic microwave background temperature-polarization correlation}",
      journal = {\aap},
     keywords = {cosmic background radiation, cosmological parameters, methods: data analysis, Astrophysics - Cosmology and Nongalactic Astrophysics},
         year = "2017",
        month = "Jun",
       volume = {602},
          eid = {A41},
        pages = {A41},
          doi = {10.1051/0004-6361/201629815},
archivePrefix = {arXiv},
       eprint = {1609.09730},
 primaryClass = {astro-ph.CO},
       adsurl = {https://ui.adsabs.harvard.edu/abs/2017A&A...602A..41C},
      adsnote = {Provided by the SAO/NASA Astrophysics Data System}
}

@ARTICLE{2004MNRAS.349..603E,
       author = {{Efstathiou}, G.},
        title = "{Myths and truths concerning estimation of power spectra: the case for a hybrid estimator}",
      journal = {\mnras},
     keywords = {methods: data analysis, methods: statistical, cosmic microwave background, large-scale structure of Universe, Astrophysics},
         year = "2004",
        month = "Apr",
       volume = {349},
       number = {2},
        pages = {603-626},
          doi = {10.1111/j.1365-2966.2004.07530.x},
archivePrefix = {arXiv},
       eprint = {astro-ph/0307515},
 primaryClass = {astro-ph},
       adsurl = {https://ui.adsabs.harvard.edu/abs/2004MNRAS.349..603E},
      adsnote = {Provided by the SAO/NASA Astrophysics Data System}
}

@ARTICLE{2019MNRAS.tmp.1446C,
       author = {{Camacho}, H. and {Kokron}, N. and {Andrade-Oliveira}, F. and
         {Rosenfeld}, R. and {Lima}, M. and {Lacasa}, F. and {Sobreira}, F. and
         {da Costa}, L.~N. and {Avila}, S. and {Chan}, K.~C.},
        title = "{Dark Energy Survey Year 1 Results: Measurement of the Galaxy Angular Power Spectrum}",
      journal = {\mnras},
     keywords = {cosmology: observations (cosmology:) large-scale structure of Universe, Astrophysics - Cosmology and Nongalactic Astrophysics},
         year = "2019",
        month = "Jun",
        pages = {1446},
          doi = {10.1093/mnras/stz1514},
archivePrefix = {arXiv},
       eprint = {1807.10163},
 primaryClass = {astro-ph.CO},
       adsurl = {https://ui.adsabs.harvard.edu/abs/2019MNRAS.tmp.1446C},
      adsnote = {Provided by the SAO/NASA Astrophysics Data System}
}

@ARTICLE{2018MNRAS.477.4879S,
       author = {{Sellentin}, Elena and {Heymans}, Catherine and
         {Harnois-D{\'e}raps}, Joachim},
        title = "{The skewed weak lensing likelihood: why biases arise, despite data and theory being sound}",
      journal = {\mnras},
     keywords = {methods: data analysis, methods: statistical, cosmology: observations, Astrophysics - Cosmology and Nongalactic Astrophysics},
         year = "2018",
        month = "Jul",
       volume = {477},
       number = {4},
        pages = {4879-4895},
          doi = {10.1093/mnras/sty988},
archivePrefix = {arXiv},
       eprint = {1712.04923},
 primaryClass = {astro-ph.CO},
       adsurl = {https://ui.adsabs.harvard.edu/abs/2018MNRAS.477.4879S},
      adsnote = {Provided by the SAO/NASA Astrophysics Data System}
}

@ARTICLE{2001ApJ...554...56C,
   author = {{Cooray}, A. and {Hu}, W.},
    title = "{Power Spectrum Covariance of Weak Gravitational Lensing}",
  journal = {\apj},
   eprint = {astro-ph/0012087},
 keywords = {Cosmology: Theory, Cosmology: Gravitational Lensing, Cosmology: Large-Scale Structure of Universe},
     year = 2001,
    month = jun,
   volume = 554,
    pages = {56-66},
      doi = {10.1086/321376},
   adsurl = {https://ui.adsabs.harvard.edu/abs/2001ApJ...554...56C},
  adsnote = {Provided by the SAO/NASA Astrophysics Data System}
}

@ARTICLE{2013PhRvD..87l3504T,
   author = {{Takada}, M. and {Hu}, W.},
    title = "{Power spectrum super-sample covariance}",
  journal = {\prd},
archivePrefix = "arXiv",
   eprint = {1302.6994},
 primaryClass = "astro-ph.CO",
 keywords = {Cosmology, Dark energy, Superclusters, large-scale structure of the Universe},
     year = 2013,
    month = jun,
   volume = 87,
   number = 12,
      eid = {123504},
    pages = {123504},
      doi = {10.1103/PhysRevD.87.123504},
   adsurl = {https://ui.adsabs.harvard.edu/abs/2013PhRvD..87l3504T},
  adsnote = {Provided by the SAO/NASA Astrophysics Data System}
}

@ARTICLE{2009MNRAS.395.2065T,
   author = {{Takada}, M. and {Jain}, B.},
    title = "{The impact of non-Gaussian errors on weak lensing surveys}",
  journal = {\mnras},
archivePrefix = "arXiv",
   eprint = {0810.4170},
 keywords = {gravitational lensing , cosmology: theory , large-scale structure of universe},
     year = 2009,
    month = jun,
   volume = 395,
    pages = {2065-2086},
      doi = {10.1111/j.1365-2966.2009.14504.x},
   adsurl = {https://ui.adsabs.harvard.edu/abs/2009MNRAS.395.2065T},
  adsnote = {Provided by the SAO/NASA Astrophysics Data System}
}

@ARTICLE{2009ApJ...701..945S,
   author = {{Sato}, M. and {Hamana}, T. and {Takahashi}, R. and {Takada}, M. and 
	{Yoshida}, N. and {Matsubara}, T. and {Sugiyama}, N.},
    title = "{Simulations of Wide-Field Weak Lensing Surveys. I. Basic Statistics and Non-Gaussian Effects}",
  journal = {\apj},
archivePrefix = "arXiv",
   eprint = {0906.2237},
 primaryClass = "astro-ph.CO",
 keywords = {cosmology: theory, gravitational lensing, large-scale structure of universe, methods: numerical},
     year = 2009,
    month = aug,
   volume = 701,
    pages = {945-954},
      doi = {10.1088/0004-637X/701/2/945},
   adsurl = {https://ui.adsabs.harvard.edu/abs/2009ApJ...701..945S},
  adsnote = {Provided by the SAO/NASA Astrophysics Data System}
}

@ARTICLE{2014MNRAS.441.2456T,
   author = {{Takada}, M. and {Spergel}, D.~N.},
    title = "{Joint analysis of cluster number counts and weak lensing power spectrum to correct for the super-sample covariance}",
  journal = {\mnras},
archivePrefix = "arXiv",
   eprint = {1307.4399},
 keywords = {gravitational lensing: weak, cosmology: theory, large-scale structure of universe},
     year = 2014,
    month = jul,
   volume = 441,
    pages = {2456-2475},
      doi = {10.1093/mnras/stu759},
   adsurl = {https://ui.adsabs.harvard.edu/abs/2014MNRAS.441.2456T},
  adsnote = {Provided by the SAO/NASA Astrophysics Data System}
}

@ARTICLE{2016PhRvD..94f3533P,
       author = {{Park}, Y. and {Krause}, E. and {Dodelson}, S. and {Jain}, B. and
         {Amara}, A. and {Becker}, M.~R. and {Bridle}, S.~L. and {Clampitt}, J. and
         {Crocce}, M. and {Fosalba}, P.},
        title = "{Joint analysis of galaxy-galaxy lensing and galaxy clustering: Methodology and forecasts for Dark Energy Survey}",
      journal = {\prd},
     keywords = {Astrophysics - Cosmology and Nongalactic Astrophysics},
         year = "2016",
        month = "Sep",
       volume = {94},
       number = {6},
          eid = {063533},
        pages = {063533},
          doi = {10.1103/PhysRevD.94.063533},
archivePrefix = {arXiv},
       eprint = {1507.05353},
 primaryClass = {astro-ph.CO},
       adsurl = {https://ui.adsabs.harvard.edu/abs/2016PhRvD..94f3533P},
      adsnote = {Provided by the SAO/NASA Astrophysics Data System}
}

@ARTICLE{2016arXiv160600233E,
       author = {{Escoffier}, S. and {Cousinou}, M. -C. and {Tilquin}, A. and
         {Pisani}, A. and {Aguichine}, A. and {de la Torre}, S. and {Ealet}, A. and
         {Gillard}, W. and {Jullo}, E.},
        title = "{Jackknife resampling technique on mocks: an alternative method for covariance matrix estimation}",
      journal = {arXiv e-prints},
     keywords = {Astrophysics - Cosmology and Nongalactic Astrophysics},
         year = "2016",
        month = "Jun",
          eid = {arXiv:1606.00233},
        pages = {arXiv:1606.00233},
archivePrefix = {arXiv},
       eprint = {1606.00233},
 primaryClass = {astro-ph.CO},
       adsurl = {https://ui.adsabs.harvard.edu/abs/2016arXiv160600233E},
      adsnote = {Provided by the SAO/NASA Astrophysics Data System}
}

@ARTICLE{2018MNRAS.479...94A,
       author = {{Avila}, S. and {Crocce}, M. and {Ross}, A.~J. and
         {Garc{\'\i}a-Bellido}, J. and {Percival}, W.~J. and {Banik}, N. and
         {Camacho}, H. and {Kokron}, N. and {Chan}, K.~C. and
         {Andrade-Oliveira}, F.},
        title = "{Dark Energy Survey Year-1 results: galaxy mock catalogues for BAO}",
      journal = {\mnras},
     keywords = {large-scale structure of Universe, cosmology: theory, cosmology: observations, methods: numerical, Astrophysics - Cosmology and Nongalactic Astrophysics},
         year = "2018",
        month = "Sep",
       volume = {479},
       number = {1},
        pages = {94-110},
          doi = {10.1093/mnras/sty1389},
archivePrefix = {arXiv},
       eprint = {1712.06232},
 primaryClass = {astro-ph.CO},
       adsurl = {https://ui.adsabs.harvard.edu/abs/2018MNRAS.479...94A},
      adsnote = {Provided by the SAO/NASA Astrophysics Data System}
}

@ARTICLE{2019MNRAS.485.2806B,
       author = {{Blot}, Linda and {Crocce}, Martin and {Sefusatti}, Emiliano and
         {Lippich}, Martha and {S{\'a}nchez}, Ariel G. and
         {Colavincenzo}, Manuel and {Monaco}, Pierluigi and
         {Alvarez}, Marcelo A. and {Agrawal}, Aniket and {Avila}, Santiago},
        title = "{Comparing approximate methods for mock catalogues and covariance matrices II: power spectrum multipoles}",
      journal = {\mnras},
     keywords = {methods: data analysis, methods: numerical, cosmological parameters, large-scale structure of Universe, Astrophysics - Cosmology and Nongalactic Astrophysics},
         year = "2019",
        month = "May",
       volume = {485},
       number = {2},
        pages = {2806-2824},
          doi = {10.1093/mnras/stz507},
archivePrefix = {arXiv},
       eprint = {1806.09497},
 primaryClass = {astro-ph.CO},
       adsurl = {https://ui.adsabs.harvard.edu/abs/2019MNRAS.485.2806B},
      adsnote = {Provided by the SAO/NASA Astrophysics Data System}
}

@ARTICLE{2013MNRAS.428.1036M,
       author = {{Manera}, Marc and {Scoccimarro}, Roman and {Percival}, Will J. and
         {Samushia}, Lado and {McBride}, Cameron K. and {Ross}, Ashley J. and
         {Sheth}, Ravi K. and {White}, Martin and {Reid}, Beth A. and
         {S{\'a}nchez}, Ariel G.},
        title = "{The clustering of galaxies in the SDSS-III Baryon Oscillation Spectroscopic Survey: a large sample of mock galaxy catalogues}",
      journal = {\mnras},
     keywords = {galaxies: haloes, large-scale structure of Universe, Astrophysics - Cosmology and Nongalactic Astrophysics},
         year = "2013",
        month = "Jan",
       volume = {428},
       number = {2},
        pages = {1036-1054},
          doi = {10.1093/mnras/sts084},
archivePrefix = {arXiv},
       eprint = {1203.6609},
 primaryClass = {astro-ph.CO},
       adsurl = {https://ui.adsabs.harvard.edu/abs/2013MNRAS.428.1036M},
      adsnote = {Provided by the SAO/NASA Astrophysics Data System}
}

@ARTICLE{2002ApJ...571..172Z,
       author = {{Zehavi}, Idit and {Blanton}, Michael R. and {Frieman}, Joshua A. and
         {Weinberg}, David H. and {Mo}, Houjun J. and {Strauss}, Michael A. and
         {Anderson}, Scott F. and {Annis}, James and {Bahcall}, Neta A. and
         {Bernardi}, Mariangela},
        title = "{Galaxy Clustering in Early Sloan Digital Sky Survey Redshift Data}",
      journal = {\apj},
     keywords = {Cosmology: Observations, Cosmology: Theory, Cosmology: Dark Matter, Galaxies: Clusters: General, Galaxies: Distances and Redshifts, Cosmology: Large-Scale Structure of Universe, Astrophysics},
         year = "2002",
        month = "May",
       volume = {571},
       number = {1},
        pages = {172-190},
          doi = {10.1086/339893},
archivePrefix = {arXiv},
       eprint = {astro-ph/0106476},
 primaryClass = {astro-ph},
       adsurl = {https://ui.adsabs.harvard.edu/abs/2002ApJ...571..172Z},
      adsnote = {Provided by the SAO/NASA Astrophysics Data System}
}

@ARTICLE{1993ApJ...406L..47H,
       author = {{Hamilton}, A.~J.~S.},
        title = "{Omega from the Anisotropy of the Redshift Correlation Function in the IRAS 2 Jansky Survey}",
      journal = {\apj},
     keywords = {Data Correlation, Galactic Clusters, Galactic Structure, Red Shift, Space Density, Anisotropy, Sky Surveys (Astronomy), Astrophysics, COSMOLOGY: OBSERVATIONS, COSMOLOGY: LARGE-SCALE STRUCTURE OF UNIVERSE, GALAXIES: CLUSTERING},
         year = "1993",
        month = "Apr",
       volume = {406},
        pages = {L47},
          doi = {10.1086/186783},
       adsurl = {https://ui.adsabs.harvard.edu/abs/1993ApJ...406L..47H},
      adsnote = {Provided by the SAO/NASA Astrophysics Data System}
}

@ARTICLE{1984MNRAS.210P..19B,
       author = {{Barrow}, J.~D. and {Bhavsar}, S.~P. and {Sonoda}, D.~H.},
        title = "{A bootstrap resampling analysis of galaxy clustering.}",
      journal = {\mnras},
     keywords = {Data Sampling, Galactic Clusters, Statistical Analysis, Astronomical Catalogs, Astronomy},
         year = "1984",
        month = "Sep",
       volume = {210},
        pages = {19},
          doi = {10.1093/mnras/210.1.19P},
       adsurl = {https://ui.adsabs.harvard.edu/abs/1984MNRAS.210P..19B},
      adsnote = {Provided by the SAO/NASA Astrophysics Data System}
}

@ARTICLE{tukey1958,
       author = {{Tukey}, J. W.},
       journal = {Annals Math.Statist.},
       year = "1958",
       volume = {29},
       pages = {614}
}

@ARTICLE{2008PhRvD..77j3013H,
       author = {{Hamimeche}, Samira and {Lewis}, Antony},
        title = "{Likelihood analysis of CMB temperature and polarization power spectra}",
      journal = {\prd},
     keywords = {98.70.Vc, Background radiations, Astrophysics},
         year = "2008",
        month = "May",
       volume = {77},
       number = {10},
          eid = {103013},
        pages = {103013},
          doi = {10.1103/PhysRevD.77.103013},
archivePrefix = {arXiv},
       eprint = {0801.0554},
 primaryClass = {astro-ph},
       adsurl = {https://ui.adsabs.harvard.edu/abs/2008PhRvD..77j3013H},
      adsnote = {Provided by the SAO/NASA Astrophysics Data System}
}

@ARTICLE{2011arXiv1112.5723H,
       author = {{Hayes}, Brett and {Brunner}, Robert and {Ross}, Ashley},
        title = "{The SDSS DR7 Galaxy Angular Power Spectrum}",
      journal = {arXiv e-prints},
     keywords = {Astrophysics - Cosmology and Extragalactic Astrophysics},
         year = "2011",
        month = "Dec",
          eid = {arXiv:1112.5723},
        pages = {arXiv:1112.5723},
archivePrefix = {arXiv},
       eprint = {1112.5723},
 primaryClass = {astro-ph.CO},
       adsurl = {https://ui.adsabs.harvard.edu/abs/2011arXiv1112.5723H},
      adsnote = {Provided by the SAO/NASA Astrophysics Data System}
}

@ARTICLE{2018MNRAS.476.1050B,
       author = {{Balaguera-Antol{\'\i}nez}, A. and {Bilicki}, M. and {Branchini}, E. and
         {Postiglione}, A.},
        title = "{Extracting cosmological information from the angular power spectrum of the 2MASS Photometric Redshift catalogue}",
      journal = {\mnras},
     keywords = {galaxies: photometry, cosmological parameters, large-scale structure of Universe, cosmology: observations, Astrophysics - Cosmology and Nongalactic Astrophysics},
         year = "2018",
        month = "May",
       volume = {476},
       number = {1},
        pages = {1050-1070},
          doi = {10.1093/mnras/sty262},
archivePrefix = {arXiv},
       eprint = {1711.04583},
 primaryClass = {astro-ph.CO},
       adsurl = {https://ui.adsabs.harvard.edu/abs/2018MNRAS.476.1050B},
      adsnote = {Provided by the SAO/NASA Astrophysics Data System}
}

@ARTICLE{2018arXiv181208182X,
       author = {{Xavier}, H.~S. and {Costa-Duarte}, M.~V. and
         {Balaguera-Antol{\'\i}nez}, A. and {Bilicki}, M.},
        title = "{All-sky angular power spectra from cleaned WISE$\times$SuperCOSMOS galaxy number counts}",
      journal = {arXiv e-prints},
     keywords = {Astrophysics - Cosmology and Nongalactic Astrophysics},
         year = "2018",
        month = "Dec",
          eid = {arXiv:1812.08182},
        pages = {arXiv:1812.08182},
archivePrefix = {arXiv},
       eprint = {1812.08182},
 primaryClass = {astro-ph.CO},
       adsurl = {https://ui.adsabs.harvard.edu/abs/2018arXiv181208182X},
      adsnote = {Provided by the SAO/NASA Astrophysics Data System}
}

@ARTICLE{2001ApJ...555..547H,
       author = {{Huterer}, Dragan and {Knox}, Lloyd and {Nichol}, Robert C.},
        title = "{The Angular Power Spectrum of Edinburgh/Durham Southern Galaxy Catalogue Galaxies}",
      journal = {\apj},
     keywords = {Cosmology: Cosmological Parameters, Cosmology: Observations, Cosmology: Theory, Astrophysics},
         year = "2001",
        month = "Jul",
       volume = {555},
       number = {2},
        pages = {547-557},
          doi = {10.1086/323328},
archivePrefix = {arXiv},
       eprint = {astro-ph/0011069},
 primaryClass = {astro-ph},
       adsurl = {https://ui.adsabs.harvard.edu/abs/2001ApJ...555..547H},
      adsnote = {Provided by the SAO/NASA Astrophysics Data System}
}

@ARTICLE{2018arXiv180909148H,
       author = {{Hikage}, Chiaki and {Oguri}, Masamune and {Hamana}, Takashi and {More},
        Surhud and {Mandelbaum}, Rachel and {Takada}, Masahiro and
        {K{\"o}hlinger}, Fabian and {Miyatake}, Hironao and {Nishizawa},
        Atsushi J. and {Aihara}, Hiroaki and {Armstrong}, Robert and
        {Bosch}, James and {Coupon}, Jean and {Ducout}, Anne and
        {Hsieh}, Bau-Ching and {Komiyama}, Yutaka and {Lanusse},
        Fran{\c{c}}ois and {Leauthaud}, Alexie and {Medezinski}, Elinor
        and {Mineo}, Sogo and {Miyazaki}, Satoshi and {Murata}, Ryoma
        and {Murayama}, Hitoshi and {Shirasaki}, Masato and {Sif{\'o}n},
        Crist{\'o}bal and {Simet}, Melanie and {Speagle}, Joshua and
        {Spergel}, David N. and {Strauss}, Michael A. and {Sugiyama},
        Naoshi and {Tanaka}, Masayuki and {Wang}, Shiang-Yu},
        title = "{Cosmology from cosmic shear power spectra with Subaru Hyper Suprime-Cam
        first-year data}",
      journal = {arXiv e-prints},
     keywords = {Astrophysics - Cosmology and Nongalactic Astrophysics},
         year = 2018,
        month = Sep,
          eid = {arXiv:1809.09148},
        pages = {arXiv:1809.09148},
archivePrefix = {arXiv},
       eprint = {1809.09148},
 primaryClass = {astro-ph.CO},
       adsurl = {https://ui.adsabs.harvard.edu/\#abs/2018arXiv180909148H},
      adsnote = {Provided by the SAO/NASA Astrophysics Data System}
}

@ARTICLE{2012MNRAS.427..146H,
   author = {{Heymans}, C. and {Van Waerbeke}, L. and {Miller}, L. and {Erben}, T. and 
	{Hildebrandt}, H. and {Hoekstra}, H. and {Kitching}, T.~D. and 
	{Mellier}, Y. and {Simon}, P. and {Bonnett}, C. and {Coupon}, J. and 
	{Fu}, L. and {Harnois D{\'e}raps}, J. and {Hudson}, M.~J. and 
	{Kilbinger}, M. and {Kuijken}, K. and {Rowe}, B. and {Schrabback}, T. and 
	{Semboloni}, E. and {van Uitert}, E. and {Vafaei}, S. and {Velander}, M.
	},
    title = "{CFHTLenS: the Canada-France-Hawaii Telescope Lensing Survey}",
  journal = {\mnras},
archivePrefix = "arXiv",
   eprint = {1210.0032},
 keywords = {gravitational lensing: weak, cosmology: observations},
     year = 2012,
    month = nov,
   volume = 427,
    pages = {146-166},
      doi = {10.1111/j.1365-2966.2012.21952.x},
   adsurl = {http://adsabs.harvard.edu/abs/2012MNRAS.427..146H},
  adsnote = {Provided by the SAO/NASA Astrophysics Data System}
}

@ARTICLE{2013MNRAS.433.2545E,
       author = {{Erben}, T. and {Hildebrandt}, H. and {Miller}, L. and {van Waerbeke},
        L. and {Heymans}, C. and {Hoekstra}, H. and {Kitching}, T.~D.
        and {Mellier}, Y. and {Benjamin}, J. and {Blake}, C. and
        {Bonnett}, C. and {Cordes}, O. and {Coupon}, J. and {Fu}, L. and
        {Gavazzi}, R. and {Gillis}, B. and {Grocutt}, E. and {Gwyn},
        S.~D.~J. and {Holhjem}, K. and {Hudson}, M.~J. and {Kilbinger},
        M. and {Kuijken}, K. and {Milkeraitis}, M. and {Rowe}, B.~T.~P.
        and {Schrabback}, T. and {Semboloni}, E. and {Simon}, P. and
        {Smit}, M. and {Toader}, O. and {Vafaei}, S. and {van Uitert},
        E. and {Velander}, M.},
        title = "{CFHTLenS: the Canada-France-Hawaii Telescope Lensing Survey - imaging
        data and catalogue products}",
      journal = {\mnras},
     keywords = {methods: data analysis, cosmology: observations, Astrophysics -
        Cosmology and Nongalactic Astrophysics},
         year = 2013,
        month = Aug,
       volume = {433},
        pages = {2545-2563},
          doi = {10.1093/mnras/stt928},
archivePrefix = {arXiv},
       eprint = {1210.8156},
 primaryClass = {astro-ph.CO},
       adsurl = {https://ui.adsabs.harvard.edu/\#abs/2013MNRAS.433.2545E},
      adsnote = {Provided by the SAO/NASA Astrophysics Data System}
}

@ARTICLE{1995PhRvL..74.4369B,
       author = {{Bond}, J. Richard},
        title = "{Signal-to-Noise Eigenmode Analysis of the Two-Year COBE Maps}",
      journal = {\prl},
     keywords = {Astrophysics, General Relativity and Quantum Cosmology, High Energy Physics - Phenomenology},
         year = 1995,
        month = May,
       volume = {74},
        pages = {4369-4372},
          doi = {10.1103/PhysRevLett.74.4369},
archivePrefix = {arXiv},
       eprint = {astro-ph/9407044},
 primaryClass = {astro-ph},
       adsurl = {https://ui.adsabs.harvard.edu/\#abs/1995PhRvL..74.4369B},
      adsnote = {Provided by the SAO/NASA Astrophysics Data System}
}

@ARTICLE{1996ApJ...465...34V,
       author = {{Vogeley}, Michael S. and {Szalay}, Alexander S.},
        title = "{Eigenmode Analysis of Galaxy Redshift Surveys. I. Theory and Methods}",
      journal = {\apj},
     keywords = {COSMOLOGY: OBSERVATIONS, GALAXIES: DISTANCES AND REDSHIFTS, COSMOLOGY: LARGE-SCALE STRUCTURE OF UNIVERSE, METHODS: STATISTICAL, Astrophysics},
         year = 1996,
        month = Jul,
       volume = {465},
        pages = {34},
          doi = {10.1086/177399},
archivePrefix = {arXiv},
       eprint = {astro-ph/9601185},
 primaryClass = {astro-ph},
       adsurl = {https://ui.adsabs.harvard.edu/\#abs/1996ApJ...465...34V},
      adsnote = {Provided by the SAO/NASA Astrophysics Data System}
}

@ARTICLE{2014arXiv1403.5553K,
       author = {{Khalid}, Zubair and {Kennedy}, Rodney A. and {McEwen}, Jason D.},
        title = "{Slepian Spatial-Spectral Concentration on the Ball}",
      journal = {arXiv e-prints},
     keywords = {Mathematics - Classical Analysis and ODEs, Astrophysics - Instrumentation and Methods for Astrophysics, Computer Science - Information Theory},
         year = 2014,
        month = Mar,
          eid = {arXiv:1403.5553},
        pages = {arXiv:1403.5553},
archivePrefix = {arXiv},
       eprint = {1403.5553},
 primaryClass = {math.CA},
       adsurl = {https://ui.adsabs.harvard.edu/\#abs/2014arXiv1403.5553K},
      adsnote = {Provided by the SAO/NASA Astrophysics Data System}
}

@ARTICLE{2015PhRvD..92l3010L,
       author = {{Leistedt}, Boris and {McEwen}, Jason D. and {Kitching}, Thomas D. and
        {Peiris}, Hiranya V.},
        title = "{3D weak lensing with spin wavelets on the ball}",
      journal = {\prd},
     keywords = {02.70.Rr, 98.62.Py, 98.80.Es, 02.70.Hm, General statistical methods, Distances redshifts radial velocities, spatial distribution of galaxies, Observational cosmology, Spectral methods, Astrophysics - Cosmology and Nongalactic Astrophysics, Astrophysics - Instrumentation and Methods for Astrophysics, Computer Science - Information Theory},
         year = 2015,
        month = Dec,
       volume = {92},
          eid = {123010},
        pages = {123010},
          doi = {10.1103/PhysRevD.92.123010},
archivePrefix = {arXiv},
       eprint = {1509.06750},
 primaryClass = {astro-ph.CO},
       adsurl = {https://ui.adsabs.harvard.edu/\#abs/2015PhRvD..92l3010L},
      adsnote = {Provided by the SAO/NASA Astrophysics Data System}
}

@ARTICLE{2013arXiv1307.1307M,
       author = {{McEwen}, J.~D. and {Leistedt}, B.},
        title = "{Fourier-Laguerre transform, convolution and wavelets on the ball}",
      journal = {arXiv e-prints},
     keywords = {Computer Science - Information Theory, Astrophysics - Instrumentation and Methods for Astrophysics},
         year = 2013,
        month = Jul,
          eid = {arXiv:1307.1307},
        pages = {arXiv:1307.1307},
archivePrefix = {arXiv},
       eprint = {1307.1307},
 primaryClass = {cs.IT},
       adsurl = {https://ui.adsabs.harvard.edu/\#abs/2013arXiv1307.1307M},
      adsnote = {Provided by the SAO/NASA Astrophysics Data System}
}

@ARTICLE{2003MNRAS.343.1327H,
       author = {{Heavens}, Alan},
        title = "{3D weak lensing}",
      journal = {\mnras},
     keywords = {gravitational lensing, galaxies: formation, cosmology: observations, large-scale structure of Universe, Astrophysics},
         year = 2003,
        month = Aug,
       volume = {343},
        pages = {1327-1334},
          doi = {10.1046/j.1365-8711.2003.06780.x},
archivePrefix = {arXiv},
       eprint = {astro-ph/0304151},
 primaryClass = {astro-ph},
       adsurl = {https://ui.adsabs.harvard.edu/\#abs/2003MNRAS.343.1327H},
      adsnote = {Provided by the SAO/NASA Astrophysics Data System}
}

@ARTICLE{2018MNRAS.473.4306A,
       author = {{Alonso}, David},
        title = "{Science-driven 3D data compression}",
      journal = {\mnras},
     keywords = {methods: data analysis, large-scale structure of Universe, Astrophysics
        - Cosmology and Nongalactic Astrophysics},
         year = 2018,
        month = Feb,
       volume = {473},
        pages = {4306-4317},
          doi = {10.1093/mnras/stx2644},
archivePrefix = {arXiv},
       eprint = {1707.08950},
 primaryClass = {astro-ph.CO},
       adsurl = {https://ui.adsabs.harvard.edu/\#abs/2018MNRAS.473.4306A},
      adsnote = {Provided by the SAO/NASA Astrophysics Data System}
}

@ARTICLE{1953ApJ...117..134L,
       author = {{Limber}, D. Nelson},
        title = "{The Analysis of Counts of the Extragalactic Nebulae in Terms of a
        Fluctuating Density Field.}",
      journal = {\apj},
         year = 1953,
        month = Jan,
       volume = {117},
        pages = {134},
          doi = {10.1086/145672},
       adsurl = {https://ui.adsabs.harvard.edu/\#abs/1953ApJ...117..134L},
      adsnote = {Provided by the SAO/NASA Astrophysics Data System}
}

@ARTICLE{2011arXiv1104.2932L,
       author = {{Lesgourgues}, Julien},
        title = "{The Cosmic Linear Anisotropy Solving System (CLASS) I: Overview}",
      journal = {arXiv e-prints},
     keywords = {Astrophysics - Instrumentation and Methods for Astrophysics,
        Astrophysics - Cosmology and Extragalactic Astrophysics},
         year = 2011,
        month = Apr,
          eid = {arXiv:1104.2932},
        pages = {arXiv:1104.2932},
archivePrefix = {arXiv},
       eprint = {1104.2932},
 primaryClass = {astro-ph.IM},
       adsurl = {https://ui.adsabs.harvard.edu/\#abs/2011arXiv1104.2932L},
      adsnote = {Provided by the SAO/NASA Astrophysics Data System}
}

@ARTICLE{2012ApJ...761..152T,
       author = {{Takahashi}, Ryuichi and {Sato}, Masanori and {Nishimichi}, Takahiro and
        {Taruya}, Atsushi and {Oguri}, Masamune},
        title = "{Revising the Halofit Model for the Nonlinear Matter Power Spectrum}",
      journal = {\apj},
     keywords = {cosmology: theory, large-scale structure of universe, methods:
        numerical, Astrophysics - Cosmology and Nongalactic
        Astrophysics, General Relativity and Quantum Cosmology},
         year = 2012,
        month = Dec,
       volume = {761},
          eid = {152},
        pages = {152},
          doi = {10.1088/0004-637X/761/2/152},
archivePrefix = {arXiv},
       eprint = {1208.2701},
 primaryClass = {astro-ph.CO},
       adsurl = {https://ui.adsabs.harvard.edu/\#abs/2012ApJ...761..152T},
      adsnote = {Provided by the SAO/NASA Astrophysics Data System}
}

@ARTICLE{1998ApJ...500..525S,
   author = {{Schlegel}, D.~J. and {Finkbeiner}, D.~P. and {Davis}, M.},
    title = "{Maps of Dust Infrared Emission for Use in Estimation of Reddening and Cosmic Microwave Background Radiation Foregrounds}",
  journal = {\apj},
   eprint = {astro-ph/9710327},
 keywords = {COSMOLOGY: DIFFUSE RADIATION, COSMOLOGY: COSMIC MICROWAVE BACKGROUND, ISM: DUST, EXTINCTION, INTERPLANETARY MEDIUM, INFRARED: ISM: CONTINUUM, Cosmology: Cosmic Microwave Background, Cosmology: Diffuse Radiation, ISM: Dust, Extinction, Infrared: ISM: Continuum, Interplanetary Medium},
     year = 1998,
    month = jun,
   volume = 500,
    pages = {525-553},
      doi = {10.1086/305772},
   adsurl = {https://ui.adsabs.harvard.edu/abs/1998ApJ...500..525S},
  adsnote = {Provided by the SAO/NASA Astrophysics Data System}
}

@INPROCEEDINGS{2014SPIE.9150E..15D,
   author = {{Delgado}, F. and {Saha}, A. and {Chandrasekharan}, S. and {Cook}, K. and 
	{Petry}, C. and {Ridgway}, S.},
    title = "{The LSST operations simulator}",
booktitle = {Modeling, Systems Engineering, and Project Management for Astronomy VI},
     year = 2014,
   series = {\procspie},
   volume = 9150,
    month = aug,
      eid = {915015},
    pages = {915015},
      doi = {10.1117/12.2056898},
   adsurl = {https://ui.adsabs.harvard.edu/abs/2014SPIE.9150E..15D},
  adsnote = {Provided by the SAO/NASA Astrophysics Data System}
}

@ARTICLE{2004PhRvD..70d3009H,
       author = {{Hu}, Wayne and {Jain}, Bhuvnesh},
        title = "{Joint galaxy-lensing observables and the dark energy}",
      journal = {\prd},
     keywords = {98.65.Dx, 95.35.+d, 98.62.Gq, 98.80.Es, Superclusters, large-scale structure of the Universe, Dark matter, Galactic halos, Observational cosmology, Astrophysics},
         year = "2004",
        month = "Aug",
       volume = {70},
       number = {4},
          eid = {043009},
        pages = {043009},
          doi = {10.1103/PhysRevD.70.043009},
archivePrefix = {arXiv},
       eprint = {astro-ph/0312395},
 primaryClass = {astro-ph},
       adsurl = {https://ui.adsabs.harvard.edu/abs/2004PhRvD..70d3009H},
      adsnote = {Provided by the SAO/NASA Astrophysics Data System}
}

@ARTICLE{2019ApJS..242....2C,
       author = {{Chisari}, Nora Elisa and {Alonso}, David and {Krause}, Elisabeth and
         {Leonard}, C. Danielle and {Bull}, Philip and {Neveu}, J{\'e}r{\'e}my and
         {Villarreal}, Antonio and {Singh}, Sukhdeep and {McClintock}, Thomas and
         {Ellison}, John},
        title = "{Core Cosmology Library: Precision Cosmological Predictions for LSST}",
      journal = {\apjs},
     keywords = {cosmology: theory, dark energy, large-scale structure of universe, Astrophysics - Cosmology and Nongalactic Astrophysics, Astrophysics - Instrumentation and Methods for Astrophysics},
         year = "2019",
        month = "May",
       volume = {242},
       number = {1},
          eid = {2},
        pages = {2},
          doi = {10.3847/1538-4365/ab1658},
archivePrefix = {arXiv},
       eprint = {1812.05995},
 primaryClass = {astro-ph.CO},
       adsurl = {https://ui.adsabs.harvard.edu/abs/2019ApJS..242....2C},
      adsnote = {Provided by the SAO/NASA Astrophysics Data System}
}

@ARTICLE{2019MNRAS.484.4127A,
       author = {{Alonso}, David and {Sanchez}, Javier and {Slosar}, An{\v{z}}e and
         {LSST Dark Energy Science Collaboration}},
        title = "{A unified pseudo-C$_{{\ensuremath{\ell}}}$ framework}",
      journal = {\mnras},
     keywords = {methods: data analysis, methods: numerical, Astrophysics - Cosmology and Nongalactic Astrophysics},
         year = "2019",
        month = "Apr",
       volume = {484},
       number = {3},
        pages = {4127-4151},
          doi = {10.1093/mnras/stz093},
archivePrefix = {arXiv},
       eprint = {1809.09603},
 primaryClass = {astro-ph.CO},
       adsurl = {https://ui.adsabs.harvard.edu/abs/2019MNRAS.484.4127A},
      adsnote = {Provided by the SAO/NASA Astrophysics Data System}
}

@ARTICLE{2014MNRAS.442.1326K,
       author = {{Kitching}, T.~D. and {Heavens}, A.~F. and {Alsing}, J. and {Erben}, T.
        and {Heymans}, C. and {Hildebrandt}, H. and {Hoekstra}, H. and
        {Jaffe}, A. and {Kiessling}, A. and {Mellier}, Y. and {Miller},
        L. and {van Waerbeke}, L. and {Benjamin}, J. and {Coupon}, J.
        and {Fu}, L. and {Hudson}, M.~J. and {Kilbinger}, M. and
        {Kuijken}, K. and {Rowe}, B.~T.~P. and {Schrabback}, T. and
        {Semboloni}, E. and {Velander}, M.},
        title = "{3D cosmic shear: cosmology from CFHTLenS}",
      journal = {\mnras},
     keywords = {gravitational lensing: weak, cosmological parameters, Astrophysics - Cosmology and Nongalactic Astrophysics},
         year = 2014,
        month = Aug,
       volume = {442},
        pages = {1326-1349},
          doi = {10.1093/mnras/stu934},
archivePrefix = {arXiv},
       eprint = {1401.6842},
 primaryClass = {astro-ph.CO},
       adsurl = {https://ui.adsabs.harvard.edu/\#abs/2014MNRAS.442.1326K},
      adsnote = {Provided by the SAO/NASA Astrophysics Data System}
}

@ARTICLE{2007MNRAS.376..771K,
       author = {{Kitching}, T.~D. and {Heavens}, A.~F. and {Taylor}, A.~N. and {Brown},
        M.~L. and {Meisenheimer}, K. and {Wolf}, C. and {Gray}, M.~E.
        and {Bacon}, D.~J.},
        title = "{Cosmological constraints from COMBO-17 using 3D weak lensing}",
      journal = {\mnras},
     keywords = {gravitational lensing, cosmology: observations, Astrophysics},
         year = 2007,
        month = Apr,
       volume = {376},
        pages = {771-778},
          doi = {10.1111/j.1365-2966.2007.11473.x},
archivePrefix = {arXiv},
       eprint = {astro-ph/0610284},
 primaryClass = {astro-ph},
       adsurl = {https://ui.adsabs.harvard.edu/\#abs/2007MNRAS.376..771K},
      adsnote = {Provided by the SAO/NASA Astrophysics Data System}
}

@ARTICLE{2015PhR...558....1T,
       author = {{Troxel}, M.~A. and {Ishak}, Mustapha},
        title = "{The intrinsic alignment of galaxies and its impact on weak gravitational lensing in an era of precision cosmology}",
      journal = {\physrep},
     keywords = {Weak gravitational lensing, Intrinsic alignment, Cosmology, Large-scale structure, Astrophysics - Cosmology and Nongalactic Astrophysics, Astrophysics - Astrophysics of Galaxies, General Relativity and Quantum Cosmology},
         year = 2015,
        month = Feb,
       volume = {558},
        pages = {1-59},
          doi = {10.1016/j.physrep.2014.11.001},
archivePrefix = {arXiv},
       eprint = {1407.6990},
 primaryClass = {astro-ph.CO},
       adsurl = {https://ui.adsabs.harvard.edu/\#abs/2015PhR...558....1T},
      adsnote = {Provided by the SAO/NASA Astrophysics Data System}
}

@ARTICLE{2017MNRAS.472.4244H,
   author = {{Heavens}, A.~F. and {Sellentin}, E. and {de Mijolla}, D. and 
	{Vianello}, A.},
    title = "{Massive data compression for parameter-dependent covariance matrices}",
  journal = {\mnras},
archivePrefix = "arXiv",
   eprint = {1707.06529},
 keywords = {methods: data analysis, methods: statistical},
     year = 2017,
    month = dec,
   volume = 472,
    pages = {4244-4250},
      doi = {10.1093/mnras/stx2326},
   adsurl = {http://adsabs.harvard.edu/abs/2017MNRAS.472.4244H},
  adsnote = {Provided by the SAO/NASA Astrophysics Data System}
}

@ARTICLE{2018MNRAS.477.2874A,
       author = {{Alsing}, Justin and {Wandelt}, Benjamin and {Feeney}, Stephen},
        title = "{Massive optimal data compression and density estimation for scalable, likelihood-free inference in cosmology}",
      journal = {\mnras},
     keywords = {methods: data analysis, Astrophysics - Cosmology and Nongalactic Astrophysics},
         year = 2018,
        month = Jul,
       volume = {477},
        pages = {2874-2885},
          doi = {10.1093/mnras/sty819},
archivePrefix = {arXiv},
       eprint = {1801.01497},
 primaryClass = {astro-ph.CO},
       adsurl = {https://ui.adsabs.harvard.edu/\#abs/2018MNRAS.477.2874A},
      adsnote = {Provided by the SAO/NASA Astrophysics Data System}
}

@ARTICLE{2018MNRAS.476L..60A,
       author = {{Alsing}, Justin and {Wandelt}, Benjamin},
        title = "{Generalized massive optimal data compression}",
      journal = {\mnras},
     keywords = {methods: data analysis, Astrophysics - Cosmology and Nongalactic Astrophysics},
         year = 2018,
        month = May,
       volume = {476},
        pages = {L60-L64},
          doi = {10.1093/mnrasl/sly029},
archivePrefix = {arXiv},
       eprint = {1712.00012},
 primaryClass = {astro-ph.CO},
       adsurl = {https://ui.adsabs.harvard.edu/\#abs/2018MNRAS.476L..60A},
      adsnote = {Provided by the SAO/NASA Astrophysics Data System}
}

@ARTICLE{2001MNRAS.327..849R,
       author = {{Reichardt}, Christian and {Jimenez}, Raul and {Heavens}, Alan F.},
        title = "{Recovering physical parameters from galaxy spectra using MOPED}",
      journal = {\mnras},
     keywords = {METHODS: DATA ANALYSIS, METHODS: STATISTICAL, GALAXIES: FUNDAMENTAL PARAMETERS, GALAXIES: STATISTICS, GALAXIES: STELLAR CONTENT, Astrophysics},
         year = 2001,
        month = Nov,
       volume = {327},
        pages = {849-867},
          doi = {10.1046/j.1365-8711.2001.04768.x},
archivePrefix = {arXiv},
       eprint = {astro-ph/0101074},
 primaryClass = {astro-ph},
       adsurl = {https://ui.adsabs.harvard.edu/\#abs/2001MNRAS.327..849R},
      adsnote = {Provided by the SAO/NASA Astrophysics Data System}
}

@ARTICLE{2017MNRAS.465.2033J,
       author = {{Joudaki}, Shahab and {Blake}, Chris and {Heymans}, Catherine and
        {Choi}, Ami and {Harnois-Deraps}, Joachim and {Hildebrandt},
        Hendrik and {Joachimi}, Benjamin and {Johnson}, Andrew and
        {Mead}, Alexander and {Parkinson}, David and {Viola}, Massimo
        and {van Waerbeke}, Ludovic},
        title = "{CFHTLenS revisited: assessing concordance with Planck including
        astrophysical systematics}",
      journal = {\mnras},
     keywords = {gravitational lensing: weak, surveys, cosmology: theory, Astrophysics -
        Cosmology and Nongalactic Astrophysics},
         year = 2017,
        month = Feb,
       volume = {465},
        pages = {2033-2052},
          doi = {10.1093/mnras/stw2665},
archivePrefix = {arXiv},
       eprint = {1601.05786},
 primaryClass = {astro-ph.CO},
       adsurl = {https://ui.adsabs.harvard.edu/\#abs/2017MNRAS.465.2033J},
      adsnote = {Provided by the SAO/NASA Astrophysics Data System}
}

@ARTICLE{2013MNRAS.429.2858M,
   author = {{Miller}, L. and {Heymans}, C. and {Kitching}, T.~D. and {van Waerbeke}, L. and 
	{Erben}, T. and {Hildebrandt}, H. and {Hoekstra}, H. and {Mellier}, Y. and 
	{Rowe}, B.~T.~P. and {Coupon}, J. and {Dietrich}, J.~P. and 
	{Fu}, L. and {Harnois-D{\'e}raps}, J. and {Hudson}, M.~J. and 
	{Kilbinger}, M. and {Kuijken}, K. and {Schrabback}, T. and {Semboloni}, E. and 
	{Vafaei}, S. and {Velander}, M.},
    title = "{Bayesian galaxy shape measurement for weak lensing surveys - III. Application to the Canada-France-Hawaii Telescope Lensing Survey}",
  journal = {\mnras},
archivePrefix = "arXiv",
   eprint = {1210.8201},
 primaryClass = "astro-ph.CO",
 keywords = {gravitational lensing: weak, methods: data analysis, methods: statistical, cosmology: observations},
     year = 2013,
    month = mar,
   volume = 429,
    pages = {2858-2880},
      doi = {10.1093/mnras/sts454},
   adsurl = {http://adsabs.harvard.edu/abs/2013MNRAS.429.2858M},
  adsnote = {Provided by the SAO/NASA Astrophysics Data System}
}

@ARTICLE{2013PASP..125..306F,
   author = {{Foreman-Mackey}, D. and {Hogg}, D.~W. and {Lang}, D. and {Goodman}, J.
	},
    title = "{emcee: The MCMC Hammer}",
  journal = {\pasp},
archivePrefix = "arXiv",
   eprint = {1202.3665},
 primaryClass = "astro-ph.IM",
     year = 2013,
    month = mar,
   volume = 125,
    pages = {306},
      doi = {10.1086/670067},
   adsurl = {http://adsabs.harvard.edu/abs/2013PASP..125..306F},
  adsnote = {Provided by the SAO/NASA Astrophysics Data System}
}

@ARTICLE{2018PASJ...70S...4A,
   author = {{Aihara}, H. and {Arimoto}, N. and {Armstrong}, R. and {Arnouts}, S. and 
	{Bahcall}, N.~A. and {Bickerton}, S. and {Bosch}, J. and {Bundy}, K. and 
	{Capak}, P.~L. and {Chan}, J.~H.~H. and {Chiba}, M. and {Coupon}, J. and 
	{Egami}, E. and {Enoki}, M. and {Finet}, F. and {Fujimori}, H. and 
	{Fujimoto}, S. and {Furusawa}, H. and {Furusawa}, J. and {Goto}, T. and 
	{Goulding}, A. and {Greco}, J.~P. and {Greene}, J.~E. and {Gunn}, J.~E. and 
	{Hamana}, T. and {Harikane}, Y. and {Hashimoto}, Y. and {Hattori}, T. and 
	{Hayashi}, M. and {Hayashi}, Y. and {He{\l}miniak}, K.~G. and 
	{Higuchi}, R. and {Hikage}, C. and {Ho}, P.~T.~P. and {Hsieh}, B.-C. and 
	{Huang}, K. and {Huang}, S. and {Ikeda}, H. and {Imanishi}, M. and 
	{Inoue}, A.~K. and {Iwasawa}, K. and {Iwata}, I. and {Jaelani}, A.~T. and 
	{Jian}, H.-Y. and {Kamata}, Y. and {Karoji}, H. and {Kashikawa}, N. and 
	{Katayama}, N. and {Kawanomoto}, S. and {Kayo}, I. and {Koda}, J. and 
	{Koike}, M. and {Kojima}, T. and {Komiyama}, Y. and {Konno}, A. and 
	{Koshida}, S. and {Koyama}, Y. and {Kusakabe}, H. and {Leauthaud}, A. and 
	{Lee}, C.-H. and {Lin}, L. and {Lin}, Y.-T. and {Lupton}, R.~H. and 
	{Mandelbaum}, R. and {Matsuoka}, Y. and {Medezinski}, E. and 
	{Mineo}, S. and {Miyama}, S. and {Miyatake}, H. and {Miyazaki}, S. and 
	{Momose}, R. and {More}, A. and {More}, S. and {Moritani}, Y. and 
	{Moriya}, T.~J. and {Morokuma}, T. and {Mukae}, S. and {Murata}, R. and 
	{Murayama}, H. and {Nagao}, T. and {Nakata}, F. and {Niida}, M. and 
	{Niikura}, H. and {Nishizawa}, A.~J. and {Obuchi}, Y. and {Oguri}, M. and 
	{Oishi}, Y. and {Okabe}, N. and {Okamoto}, S. and {Okura}, Y. and 
	{Ono}, Y. and {Onodera}, M. and {Onoue}, M. and {Osato}, K. and 
	{Ouchi}, M. and {Price}, P.~A. and {Pyo}, T.-S. and {Sako}, M. and 
	{Sawicki}, M. and {Shibuya}, T. and {Shimasaku}, K. and {Shimono}, A. and 
	{Shirasaki}, M. and {Silverman}, J.~D. and {Simet}, M. and {Speagle}, J. and 
	{Spergel}, D.~N. and {Strauss}, M.~A. and {Sugahara}, Y. and 
	{Sugiyama}, N. and {Suto}, Y. and {Suyu}, S.~H. and {Suzuki}, N. and 
	{Tait}, P.~J. and {Takada}, M. and {Takata}, T. and {Tamura}, N. and 
	{Tanaka}, M.~M. and {Tanaka}, M. and {Tanaka}, M. and {Tanaka}, Y. and 
	{Terai}, T. and {Terashima}, Y. and {Toba}, Y. and {Tominaga}, N. and 
	{Toshikawa}, J. and {Turner}, E.~L. and {Uchida}, T. and {Uchiyama}, H. and 
	{Umetsu}, K. and {Uraguchi}, F. and {Urata}, Y. and {Usuda}, T. and 
	{Utsumi}, Y. and {Wang}, S.-Y. and {Wang}, W.-H. and {Wong}, K.~C. and 
	{Yabe}, K. and {Yamada}, Y. and {Yamanoi}, H. and {Yasuda}, N. and 
	{Yeh}, S. and {Yonehara}, A. and {Yuma}, S.},
    title = "{The Hyper Suprime-Cam SSP Survey: Overview and survey design}",
  journal = {\pasj},
archivePrefix = "arXiv",
   eprint = {1704.05858},
 primaryClass = "astro-ph.IM",
 keywords = {cosmology: observations, galaxies: general, large-scale structure of universe, surveys},
     year = 2018,
    month = jan,
   volume = 70,
      eid = {S4},
    pages = {S4},
      doi = {10.1093/pasj/psx066},
   adsurl = {https://ui.adsabs.harvard.edu/abs/2018PASJ...70S...4A},
  adsnote = {Provided by the SAO/NASA Astrophysics Data System}
}

@ARTICLE{2006PhRvD..74h3002S,
       author = {{Smith}, Kendrick M.},
        title = "{Pseudo-C$_{{\ensuremath{\ell}}}$ estimators which do not mix E and B modes}",
      journal = {\prd},
     keywords = {98.70.Vc, Background radiations, Astrophysics},
         year = "2006",
        month = "Oct",
       volume = {74},
       number = {8},
          eid = {083002},
        pages = {083002},
          doi = {10.1103/PhysRevD.74.083002},
archivePrefix = {arXiv},
       eprint = {astro-ph/0511629},
 primaryClass = {astro-ph},
       adsurl = {https://ui.adsabs.harvard.edu/abs/2006PhRvD..74h3002S},
      adsnote = {Provided by the SAO/NASA Astrophysics Data System}
}

@ARTICLE{2003PhRvD..67b3501B,
   author = {{Bunn}, E.~F. and {Zaldarriaga}, M. and {Tegmark}, M. and {de Oliveira-Costa}, A.
	},
    title = "{E/B decomposition of finite pixelized CMB maps}",
  journal = {\prd},
   eprint = {astro-ph/0207338},
 keywords = {Background radiations, Cosmology},
     year = 2003,
    month = jan,
   volume = 67,
   number = 2,
      eid = {023501},
    pages = {023501},
      doi = {10.1103/PhysRevD.67.023501},
   adsurl = {https://ui.adsabs.harvard.edu/abs/2003PhRvD..67b3501B},
  adsnote = {Provided by the SAO/NASA Astrophysics Data System}
}

@ARTICLE{2002PhRvD..65b3505L,
   author = {{Lewis}, A. and {Challinor}, A. and {Turok}, N.},
    title = "{Analysis of CMB polarization on an incomplete sky}",
  journal = {\prd},
   eprint = {astro-ph/0106536},
 keywords = {Cosmology, Polarimetry, Background radiations},
     year = 2002,
    month = jan,
   volume = 65,
   number = 2,
      eid = {023505},
    pages = {023505},
      doi = {10.1103/PhysRevD.65.023505},
   adsurl = {https://ui.adsabs.harvard.edu/abs/2002PhRvD..65b3505L},
  adsnote = {Provided by the SAO/NASA Astrophysics Data System}
}

@ARTICLE{2017MNRAS.465.1847E,
       author = {{Elsner}, Franz and {Leistedt}, Boris and {Peiris}, Hiranya V.},
        title = "{Unbiased pseudo-C$_{{\ensuremath{\ell}}}$ power spectrum estimation with mode projection}",
      journal = {\mnras},
     keywords = {methods: data analysis, methods: numerical, methods: statistical, cosmology: observations, large-scale structure of Universe, Astrophysics - Cosmology and Nongalactic Astrophysics},
         year = "2017",
        month = "Feb",
       volume = {465},
       number = {2},
        pages = {1847-1855},
          doi = {10.1093/mnras/stw2752},
archivePrefix = {arXiv},
       eprint = {1609.03577},
 primaryClass = {astro-ph.CO},
       adsurl = {https://ui.adsabs.harvard.edu/abs/2017MNRAS.465.1847E},
      adsnote = {Provided by the SAO/NASA Astrophysics Data System}
}

@ARTICLE{2004PhRvD..69l3003S,
   author = {{Slosar}, A. and {Seljak}, U. and {Makarov}, A.},
    title = "{Exact likelihood evaluations and foreground marginalization in low resolution WMAP data}",
  journal = {\prd},
   eprint = {astro-ph/0403073},
 keywords = {Background radiations},
     year = 2004,
    month = jun,
   volume = 69,
   number = 12,
      eid = {123003},
    pages = {123003},
      doi = {10.1103/PhysRevD.69.123003},
   adsurl = {https://ui.adsabs.harvard.edu/abs/2004PhRvD..69l3003S},
  adsnote = {Provided by the SAO/NASA Astrophysics Data System}
}

@ARTICLE{1992ApJ...398..169R,
   author = {{Rybicki}, G.~B. and {Press}, W.~H.},
    title = "{Interpolation, realization, and reconstruction of noisy, irregularly sampled data}",
  journal = {\apj},
 keywords = {Data Sampling, Interpolation, Linear Prediction, Reconstruction, Statistical Analysis, Bayes Theorem, Estimators, Monte Carlo Method, Wiener Filtering},
     year = 1992,
    month = oct,
   volume = 398,
    pages = {169-176},
      doi = {10.1086/171845},
   adsurl = {https://ui.adsabs.harvard.edu/abs/1992ApJ...398..169R},
  adsnote = {Provided by the SAO/NASA Astrophysics Data System}
}


%%% Gorski %%%%%
@article{Gorski:1994ye,
      author         = "Gorski, Krzysztof M.",
      title          = "{On Determining the spectrum of primordial inhomogeneity
                        from the Cobe DMR sky maps. 1. Method}",
      journal        = "Astrophys. J.",
      volume         = "430",
      year           = "1994",
      pages          = "L85",
      doi            = "10.1086/187444",
      eprint         = "astro-ph/9403066",
      archivePrefix  = "arXiv",
      primaryClass   = "astro-ph",
      reportNumber   = "COBE-94-07",
      SLACcitation   = "%%CITATION = ASTRO-PH/9403066;%%"
}

@article{Gorski:1994uu,
      author         = "Gorski, K. M. and Hinshaw, G. and Banday, a.J. and
                        Bennett, C. L. and Wright, E. L. and Kogut, a. and Smoot,
                        George F. Smoot and Lubin, P.",
      title          = "{On determining the spectrum of primordial inhomogeneity
                        from the COBE dmr sky maps. 2. Results of two year data
                        analysis}",
      journal        = "Astrophys. J.",
      volume         = "430",
      year           = "1994",
      pages          = "L89-L92",
      doi            = "10.1086/187445",
      eprint         = "astro-ph/9403067",
      archivePrefix  = "arXiv",
      primaryClass   = "astro-ph",
      SLACcitation   = "%%CITATION = ASTRO-PH/9403067;%%"
}

@article{Gorski:1996cf,
      author         = "Gorski, K. M. and Banday, A. J. and Bennett, C. L. and
                        Hinshaw, G. and Kogut, A. and Smoot, George F. and Wright,
                        E. L.",
      title          = "{Power spectrum of primordial inhomogeneity determined
                        from the four year COBE DMR sky maps}",
      journal        = "Astrophys. J.",
      volume         = "464",
      year           = "1996",
      pages          = "L11",
      doi            = "10.1086/310077",
      eprint         = "astro-ph/9601063",
      archivePrefix  = "arXiv",
      primaryClass   = "astro-ph",
      reportNumber   = "COBE-PREPRINT-96-03",
      SLACcitation   = "%%CITATION = ASTRO-PH/9601063;%%"
}

@inproceedings{Gorski:1996ti,
      author         = "Górski, Krzysztof M.",
      title          = "{Cosmic microwave background anisotropy in the COBE DMR
                        4-year sky maps}",
      booktitle      = "{Microwave background anisotropies. Proceedings, 31st
                        Rencontres de Moriond, 16th Moriond Astrophysics Meeting,
                        Les Arcs, France, March 16-23, 1996}",
      year           = "1997",
      pages          = "77-84",
      eprint         = "astro-ph/9701191",
      archivePrefix  = "arXiv",
      primaryClass   = "astro-ph",
      SLACcitation   = "%%CITATION = ASTRO-PH/9701191;%%"
}

@article{Wandelt:2000av,
      author         = "Wandelt, Benjamin D. and Hivon, Eric and Gorski,
                        Krzysztof M.",
      title          = "{The pseudo-$C_\ell$ method: cosmic microwave background
                        anisotropy power spectrum statistics for high precision
                        cosmology}",
      journal        = "Phys. Rev.",
      volume         = "D64",
      year           = "2001",
      pages          = "083003",
      doi            = "10.1103/PhysRevD.64.083003",
      eprint         = "astro-ph/0008111",
      archivePrefix  = "arXiv",
      primaryClass   = "astro-ph",
      SLACcitation   = "%%CITATION = ASTRO-PH/0008111;%%"
}

@article{Gorski:2004by,
      author         = "Gorski, K. M. and Hivon, Eric and Banday, A. J. and
                        Wandelt, B. D. and Hansen, F. K. and Reinecke, M. and
                        Bartelman, M.",
      title          = "{HEALPix - A Framework for high resolution
                        discretization, and fast analysis of data distributed on
                        the sphere}",
      journal        = "Astrophys. J.",
      volume         = "622",
      year           = "2005",
      pages          = "759-771",
      doi            = "10.1086/427976",
      eprint         = "astro-ph/0409513",
      archivePrefix  = "arXiv",
      primaryClass   = "astro-ph",
      SLACcitation   = "%%CITATION = ASTRO-PH/0409513;%%"
}

%%%%%%%%

@article{Efstathiou:2006eb,
      author         = "Efstathiou, George",
      title          = "{Hybrid estimation of cmb polarization power spectra}",
      journal        = "Mon. Not. Roy. Astron. Soc.",
      volume         = "370",
      year           = "2006",
      pages          = "343-362",
      doi            = "10.1111/j.1365-2966.2006.10486.x",
      eprint         = "astro-ph/0601107",
      archivePrefix  = "arXiv",
      primaryClass   = "astro-ph",
      SLACcitation   = "%%CITATION = ASTRO-PH/0601107;%%"
}

